2506 4666
122 290 220 359 xxiv
243 266 246 270 ’

123 453 336 557 levigaret,
362 450 561 532 violentas
587 464 627 526 et
649 451 882 528 temerarias
907 452 1125 543 correctio·

25 627 35 656 „
75 560 80 568 '
122 579 196 637 nes
223 577 316 629 suas
338 551 385 629 in
409 567 565 628 textum
586 551 800 628 invexisse.

85 668 89 674 ’
131 721 134 724 .
223 653 304 744 Sed
320 654 397 730 bos
411 653 702 753 elegantissimi
719 653 801 728 viri
817 677 974 731 errores
993 654 1128 753 suspi-

124 756 243 834 cione
269 770 360 842 tum
391 755 520 856 tnagis
554 756 811 856 praecipere,
855 779 978 852 quam
1008 755 1128 829 certis

123 856 373 958 argumentis
416 855 661 943 convincere
696 871 953 954 poteramus,
997 880 1129 953 quum

121 959 308 1060 puriores
327 955 463 1034 fontes
476 956 734 1059 paucissimis
754 966 1126 1056 tantum'patereut,

123 1058 197 1160 qui
226 1059 351 1147 otiosi
376 1055 429 1151 ad
461 1060 532 1134 eos
566 1057 770 1133 sedebant
830 1062 964 1161 Quare
997 1082 1129 1155 quum

122 1158 237 1245 nulla
259 1183 350 1260 spes
376 1173 481 1243 esset
506 1158 701 1249 subsidia,
730 1158 879 1256 quibus
896 1158 1129 1236 Brunckiua

122 1257 325 1351 caruerat,
362 1259 450 1347 aliis
482 1259 666 1347 oblatum
696 1258 770 1346 iri,
799 1258 1019 1335 divenditis
1057 1259 1129 1334 au-‘

122 1374 208 1448 tem
228 1360 518 1439 Analectorum
539 1360 836 1462 exemplaribus
866 1385 976 1439 nova
999 1358 1128 1438 editio

95 1487 146 1551 -tt
173 1461 401 1541 litterarum
432 1463 661 1544 amantibus
688 1460 837 1563 cupide
860 1476 1127 1561 expeteretur,

123 1580 266 1663 quam,
294 1562 558 1652 Galliabellis.
582 1561 772 1653 civilibus
797 1576 836 1636 et
861 1564 1035 1638 externis
1058 1588 1131 1638 ve·

121 1662 333 1740 hementer
347 1678 502 1753 vexata,
517 1663 565 1739 ab
581 1664 673 1764 ipso
691 1661 848 1738 editore
861 1679 1130 1765 procuratum

121 1764 176 1852 iri
193 1790 247 1838 ne
265 1765 486 1873 exspectari
503 1764 671 1862 quidem
691 1778 870 1865 poterat,
899 1763 951 1839 ad
973 1766 1130 1843 exitum

122 1865 346 1966 superioris
377 1866 530 1940 saeculi
554 1867 595 1964 Ὀ,
639 1865 925 1944 Analectorum
956 1881 1127 1958 textum,

7 2032 9 2038 ,
124 1967 288 2066 pmis'sis
317 1990 422 2064 quaa
451 1963 500 2041 ab
536 1963 783 2066 Anthologia
811 1965 943 2063 aliena
977 1962 1127 2063 essent,

123 2065 432 2163 emendatisque
456 2091 559 2164 quae
574 2066 805 2144 Bruncltius
829 2068 981 2169 ipsein
1004 2069 1130 2164 Notis

122 2166 286 2259 adiectis
318 2169 583 2257 correxisset,
617 2168 784 2268 'Lipsiae
810 2183 986 2266 quatuor
1007 2170 1130 2244 volu·

120 2268 305 2348 minibus
329 2268 599 2368 repetendum
623 2270 773 2355 curaui.
824 2268 1009 2347 adhaec
1030 2297 1132 2347 mox

23 2410 25 2415 r
121 2366 316 2468 quintum
332 2371 509 2458 accessit,
535 2368 696 2446 ludices
710 2369 1019 2469 copiosissimos
1030 2397 1130 2446 con·

120 2469 278 2557 tinans,
307 2485 347 2544 et
366 2484 458 2547 octo
477 2470 573 2559 alia,
609 2493 712 2566 quae
737 2470 1128 2549 Animadversiones

122 2569 1014 2671 complectebanturcumParatipomenisaa).
1040 2579 1129 2650 Ho-

69 2728 70 2732 ,
102 2695 216 2749 *rum
240 2671 352 2764 enim
373 2670 488 2748 haud
504 2673 567 2747 exi
624 2695 673 2746 us
695 2670 801 2748 mihi
816 2698 1014 2749 numerus
1034 2699 1127 2749 suc-

121 2786 300 2849 creverat
330 2797 426 2848 cum
456 2772 568 2850 aliun
599 2797 640 2862 a,
674 2783 764 2847 tum
791 2797 839 2849 ex
853 2774 945 2873 ipso
969 2775 1128 2849 Vatica-

118 2898 177 2950 no
211 2871 372 2961 codice,
408 2897 532 2970 quem
563 2871 800 2961 Uhdenius,
843 2876 908 2948 vir
938 2876 1125 2965 illustris,

120 2973 303 3072 quitum
316 2977 472 3050 Romae
487 2974 651 3073 negotia
672 2973 951 3074 potentissimi
973 2979 1127 3052 Borus·

120 3097 264 3151 sorum
278 3074 384 3173 regis
400 3074 665 3176 procurabat,
693 3074 742 3148 ab
766 3077 929 3174 Heynio
959 3075 1010 3149 ad
1034 3101 1126 3155 eam

118 3199 209 3252 rem
235 3175 443 3266 excitatus,
471 3176 518 3252 in
533 3201 667 3253 meam
689 3176 859 3277 gratiam
874 3193 1123 3270 excusserat3

150 3433 378 3504 panoniam
395 3435 473 3492 rasa
518 3413 520 3418 ’

150 3553 186 3620 ⁸⁸)
203 3551 311 3608 Titulus
330 3553 417 3622 operia
437 3559 493 3607 ests
515 3552 679 3636 authologia
695 3553 741 3610 Gr.
761 3572 782 3608 s.
800 3555 944 3609 Poetarum
967 3572 1125 3626 graecorum

182 3620 265 3675 tusus
298 3621 339 3674 Ex
352 3622 505 3675 recensione
517 3623 652 3678 Brnnokit.
676 3624 754 3676 Tom.
776 3625 879 3675 I-IV.
914 3624 1027 3692 Lipsiae.
1046 3626 1123 3681 1194.

60 3731 63 3737 .
181 3687 208 3740 Β.
225 3688 304 3741 Tam.
320 3689 349 3742 V.
366 3690 477 3749 lodices.
496 3693 536 3744 lb.
559 3689 634 3744 lass.
658 3691 689 3743 F.
709 3693 808 3744 Jacobs
826 3692 1071 3745 animadversiones
1094 3695 1124 3748 in
1170 3754 1175 3761 ,

181 3754 382 3823 Epigrammata
393 3759 471 3811 Antis.
492 3760 538 3811 Gr.
552 3759 693 3810 secundum
707 3758 825 3810 ordinem
836 3760 1022 3812 Analectonim
1035 3763 1124 3814 Brun-

182 3823 243 3874 etit.
261 3824 317 3876 Vol.
329 3825 351 3876 1.
365 3825 441 3879 Pars.
454 3828 475 3878 1.
493 3828 586 3893 (Ptole
606 3844 633 3896 g.
656 3827 896 3894 1-chxxtV.)
914 3829 955 3880 lb.
969 3828 1043 3880 lasa
1062 3831 1120 3883 vot.

180 3891 201 3944 1.
219 3891 249 3941 P.
256 3891 290 3945 11.
308 3893 349 3943 lb.
359 3893 419 3945 eod.
433 3894 489 3945 Vol.
503 3895 538 3946 11.
550 3843 615 3946 Rq.
634 3895 674 3945 lb.
689 3893 765 3946 1799.
783 3895 840 3948 i'ol.
852 3895 886 3946 11.
900 3896 930 3948 Ρ.
938 3894 974 3951 ss.
991 3897 1031 3948 Ib.
1043 3896 1120 3950 1800.

182 3959 340 4081 polillhl}
348 3960 403 4082 lgl
414 3959 498 4082 Igilii
499 3962 565 4082 813th
578 3962 625 4014 111.
643 3963 673 4015 P.
693 3960 714 4015 1.
732 3963 773 4016 lb.
794 3961 870 4016 18⁰2.
887 3964 917 4016 Ρ.
934 3963 969 4021 ll.
985 3964 1028 4020 lb.
1043 3963 1120 4020 leus.
