2506 4666
116 1949 305 2094 Veteres
336 2015 503 2101 Graeci,
541 2015 840 2114 religiosissimi
872 2018 1122 2106 mortalium,

124 2145 248 2218 quum
271 2118 411 2191 omnia
436 2131 520 2188 tam
543 2115 721 2188 secunda
742 2141 865 2212 quam
890 2117 1056 2193 adversa
1075 2119 1127 2192 ad

121 2220 232 2297 Deos
249 2215 468 2304 referrent,
495 2217 613 2290 bellis
631 2213 803 2289 feliciter
823 2219 969 2315 gestis,
997 2220 1126 2294 hosti-

114 2325 283 2418 busque
301 2317 493 2404 devictis,
520 2342 608 2389 non
624 2317 760 2390 solum
780 2333 936 2416 partem
953 2319 1127 2418 praedae

120 2441 244 2521 atque
266 2420 480 2494 manubias
498 2418 610 2505 Diis,
651 2442 830 2514 quorum
852 2443 895 2492 se
919 2421 1126 2519 praesidio

118 2523 340 2599 victoriam
354 2534 580 2620 reportasse
597 2519 892 2607 existimabant,
915 2544 1126 2622 seponere,

119 2649 271 2701 verum
288 2622 410 2695 etiam
428 2646 538 2695 arma
553 2620 742 2694 hostibus
768 2619 944 2694 detracta
965 2623 1010 2695 in
1026 2637 1129 2697 tem·

122 2729 202 2828 plis
248 2738 369 2821 atque
405 2721 585 2796 delubris
621 2745 767 2794 eorum
802 2719 991 2797 dedicare
1025 2726 1130 2798 sole·

122 2828 282 2922 hanff).
333 2821 397 2900 Ad
410 2823 492 2897 hoc
509 2823 862 2921 antiquissimum,
891 2838 937 2896 ut
951 2823 1127 2913 videtur,

126 2927 401 3003 donariorum
417 2948 543 3023 genus
560 2924 749 3022 proxime
769 2923 981 2998 accedebat
1003 2923 1128 3014 aliud,

121 3030 226 3104 huic
253 3040 494 3125 cognatum,
530 3048 660 3120 quum
683 3025 859 3108 ,victores
882 3026 1063 3124 praemia
1084 3027 1131 3099 in

124 3127 306 3233 publicis
325 3125 629 3212 certaminibus,
657 3144 760 3221 qua'e
777 3139 815 3198 et
829 3126 917 3224 ipsa
933 3127 1008 3199 sub
1019 3131 1132 3202 Deo·

123 3256 222 3307 rum
243 3227 368 3301 tutela
396 3241 534 3314 erant,
568 3227 800 3327 proposita,
833 3225 1038 3325 tripodas,
1074 3229 1132 3300 le·
1208 3272 1209 3276 =

123 3334 238 3408 betas
259 3343 299 3402 et
316 3327 362 3403 id
376 3350 504 3427 genus
521 3326 617 3414 alia,
643 3327 736 3400 Diis
756 3342 1049 3415 consecrarent,
1078 3329 1133 3402 si-

125 3433 226 3513 mul,
246 3443 294 3502 ut
322 3429 426 3529 grati
455 3428 585 3501 animi
612 3423 954 3527 significationem
977 3427 1131 3516 darent,

127 3531 256 3608 simul
273 3544 321 3603 ut
340 3529 586 3605 memoriam
602 3526 799 3602 victoriae
817 3528 926 3629 apud
941 3529 1133 3605 homines

131 3645 450 3710 conservarent:
484 3629 768 3725 Cumquibus
788 3627 951 3704 duobus
976 3633 1134 3730 generi-

132 3733 205 3810 bus
233 3730 575 3831 conjungendum·
591 3745 652 3803 cst
670 3732 856 3819 tertium,
884 3732 1135 3806 ins-trumen-

126 3852 270 3910 torum
294 3833 565 3919 consecratio,
586 3831 753 3928 ouibus
778 3834 868 3930 quis
893 3835 938 3906 in
961 3848 1043 3906 arte
1065 3831 1140 3906 aut'

132 3934 302 4036 opificio
338 3958 437 4041 usus
467 3931 619 4019 fuerat,
672 3958 883 4009 armorum
913 3933 1132 4034 imprimis,

162 4138 188 4204 ‘)
205 4133 364 4202 Aenchyl.
380 4134 476 4203 Agant.
492 4129 545 4186 ω
556 4150 590 4185 ει.
608 4084 658 4185 lll.
677 4127 806 4274 airh?
823 4134 927 4201 mn:
1010 4170 1014 4177 .
