2506 4666
965 284 1057 344 xm

55 443 171 521 aliud
187 444 287 563 egit,
314 443 397 518 nisi
420 438 468 517 ut'
489 442 752 522 Constantini
773 444 896 544 Synta
968 446 1058 525 ain

56 547 352 647 compendium
366 542 575 646 redigeret
614 546 753 623 Alium
770 546 882 623 enirn
917 564 1060 625 ontem'

56 675 140 725 non
170 662 232 722 est
265 661 463 737 sectatus,
511 648 594 720 nisi
628 646 743 745 quod
775 646 882 723 libro
911 665 1058 748 quarto

56 749 235 852 plurima
249 748 370 822 babet
385 748 431 822 in
449 762 611 835 statuas,
630 748 785 823 tabulas
830 749 942 839 ictas,
961 752 1058 825 alia·

56 876 136 950 que
156 914 159 919 .
178 850 274 924 artis
317 873 459 949 opera,
495 872 674 946 quorum
705 850 751 923 in
796 775 1060 929 danstantini

56 978 199 1055 opere,
244 950 366 1024 sicuti
391 948 473 1024 hoc
507 951 553 1025 in
583 949 773 1025 Palatinis
809 948 1059 1028 membranis

55 1068 262 1128 servatum
292 1051 511 1140 habemus,
537 1050 700 1126 nullum
733 1065 794 1126 est
816 1053 1058 1154 vestigium}

55 1153 168 1229 unde
192 1153 449 1253 suspicamur
480 1152 706 1228 Planudem
728 1153 840 1228 illius
856 1154 1059 1232 Antholo·

56 1257 143 1356 giae
165 1253 358 1328 habuisse
379 1253 631 1355 exemplum,
671 1278 759 1328 uno
783 1254 864 1329 hoc
887 1253 938 1328 de
960 1256 1056 1329 artis

59 1357 251 1457 operibus
272 1354 401 1455 capite
417 1353 586 1429 auctius.
646 1355 839 1432 Ceterum
860 1377 1058 1455 magnum

58 1459 396 1558 epigrammatum
410 1480 632 1530 numerum
648 1456 799 1544 omisit,
816 1470 856 1528 et
873 1456 1054 1554 quidem,

56 1573 213 1660 praeter
236 1557 439 1657 puerilem
458 1557 656 1631 Stratonis
681 1560 866 1645 Musam,
901 1559 1060 1648 omnia,

58 1682 159 1758 quae
175 1658 410 1734 lascivioris.
427 1671 561 1730 essent
576 1658 824 1757 argumenti,
847 1671 937 1732 tum
953 1682 1057 1757 quae

58 1761 108 1835 ob
135 1760 342 1860 graviores
360 1759 583 1858 scripturae
606 1757 914 1858 depravationes
945 1758 1058 1835 baud
1183 1826 1186 1830 .

58 1859 175 1935 facile
197 1859 372 1958 intelligi
390 1873 568 1958 possent.
632 1859 677 1935 Si
705 1859 807 1983 quid
832 1875 968 1935 autern
988 1862 1058 1939 vel

59 1988 104 2036 ex
118 1962 201 2037 hoc
222 1960 288 2034 vel
307 1985 355 2033 ex
372 1961 495 2034 altero
514 1984 660 2059 genere
676 1959 722 2033 in
744 1959 933 2036 ordinem
947 1986 1062 2037 rece·
1171 1995 1174 2000 ·

59 2064 134 2162 pit,
168 2065 217 2136 in
243 2060 307 2135 bis
338 2061 580 2160 plerumque
602 2060 725 2134 verba
748 2060 897 2135 lasciva
918 2077 959 2136 et
983 2063 1058 2137 ob·

64 2186 176 2237 scena
192 2188 286 2236 cum
301 2162 540 2235 castioribus
558 2162 837 2250 commutavit,
853 2163 898 2235 in
913 2161 1058 2265 depra-

59 2266 157 2338 vatis
176 2278 313 2337 autem
334 2262 458 2336 verba
483 2276 672 2362 corrupta
699 2275 768 2334 aut
795 2263 952 2352 omisit,
987 2270 1059 2338 a'ut
1163 2324 1165 2331 Α

58 2391 132 2466 pro
157 2365 271 2439 virili
293 2389 366 2436 sua
394 2378 506 2463 parte
537 2361 753 2436 emendare
784 2378 951 2438 conatus
985 2377 1059 2440 ests

60 2471 200 2568 Quum
227 2479 363 2538 autem
387 2480 581 2538 neutrum
601 2463 754 2538 horum
779 2464 819 2536 ei
844 2465 937 2537 satis
964 2461 1058 2539 feli·

60 2568 158 2641 citer
184 2566 385 2653 cessisset,
414 2563 673 2653 factumest,
701 2577 767 2651 ut,
796 2565 1058 2642 Constantini

57 2667 303 2767 Anthologia
338 2691 386 2740 ex
409 2666 614 2754 tenebris,
666 2664 815 2761 quibus
840 2666 1059 2767 perplura

56 2770 216 2844 saecula
248 2768 393 2842 obruta
425 2764 576 2855 fuerat,
610 2766 656 2839 in
683 2766 818 2838 lucem
839 2781 1056 2867 protracta,

10 2928 13 2937 .
55 2867 251 2946 Planudis
274 2893 417 2968 opera,
454 2873 566 2958 cuius
594 2867 696 2941 ratio
732 2881 772 2940 et
792 2865 942 2941 modus
966 2883 1057 2941 tum

57 2971 229 3047 demum
256 2970 447 3068 cognosci
474 2983 514 3040 et
538 2967 711 3066 intelligi
733 2981 909 3069 poterat,
939 2967 1056 3042 ado-

58 3071 249 3146 ctissimis
266 3069 505 3143 hominibus
520 3068 711 3144 non'sine
729 3092 879 3157 caussa,
908 3067 991 3157 sed,
1011 3083 1060 3141 ut
1109 3138 1111 3142 ,
1147 3106 1150 3110 ‡

54 3173 164 3249 mihi
177 3170 346 3268 quidem
361 3169 544 3258 videtur,
571 3173 724 3262 majore
749 3193 872 3265 quam
884 3195 958 3268 par
973 3184 1059 3243 erat

55 3274 272 3350 acerbitate
289 3271 675 3374 reprehensionibus
693 3284 733 3343 et
750 3270 947 3344 conviciis
961 3294 1059 3371 pron
1153 3308 1155 3313 π

53 3372 321 3451 scinderetur.
1024 3402 1027 3407 ¹

153 3476 269 3550 Sicut
285 3487 432 3562 autem,
459 3471 574 3571 quod
593 3469 786 3559 diximus
815 3471 1058 3548 Constan-

51 3578 157 3653 tini
181 3575 400 3675 Florilegio
427 3575 676 3672 antiquiores
696 3573 760 3646 illi
783 3573 950 3668 Στέφανοι
974 3597 1061 3649 una

47 3673 150 3755 'cum
167 3676 297 3778 Κὺκλῳ
321 3673 510 3776 agathiae
533 3671 756 3750 hominum
779 3673 969 3748 manibus
991 3698 1058 3747 ex·

55 3781 164 3857 aussi
188 3776 377 3866 filerunt,
411 3776 468 3850 ita
492 3775 636 3876 ipsum
663 3775 925 3851 Constantini
954 3777 1058 3873 Syn·

55 3894 188 3985 tagma
209 3876 404 3956 Planudis
429 3903 552 3979 opere
574 3878 620 3951 in
645 3875 899 3951 oblivionem
929 3874 1057 3948 addu-

59 3998 165 4061 etum
187 3995 259 4057 est.
309 3983 418 4059 Nam
433 3993 528 4083 post
541 3992 696 4056 renatas
714 3978 874 4133 saggulo
895 3975 1056 4052 decimo
1081 4015 1083 4018 >
