2506 4666
963 288 1058 341 ml

78 447 169 522 ribus
197 467 416 546 conspersa
446 459 486 520 et
513 445 721 532 distincta,
768 443 820 520 ad
839 446 1057 522 Musarum

80 571 289 646 graecarum
304 549 474 622 sacraria
488 547 818 647 perducerentur.
872 546 996 650 Quod
1010 563 1058 622 ut

78 644 281 736 efficerem,
333 674 382 723 ex
421 665 570 748 magno
606 648 944 747 epigrammatum
978 672 1057 722 nu·

74 774 171 823 mero
205 772 251 822 ea
283 750 549 848 potissimum
581 751 724 848 selegi,
767 774 868 845 quae
900 750 946 822 in
978 773 1054 824 suo

73 849 251 946 quodque
276 875 422 949 genere
449 867 488 925 et
519 866 757 950 argumento
794 849 1055 925 commenda·

10 974 13 1029 ἱ
70 966 216 1040 rentur,
259 965 299 1025 et
332 966 414 1027 arte
454 967 588 1027 essent
633 951 876 1051 conspicua,
922 976 1055 1048 neque

10 1032 13 1099 l
68 1052 248 1127 sardibus
275 1068 509 1152 temporum
532 1077 752 1155 progressu
784 1054 961 1127 collectis
986 1079 1056 1127 ve-

66 1155 256 1250 tustisque
278 1155 540 1243 vulneribus,
576 1155 725 1253 quibus
749 1170 904 1229 certum
926 1179 1055 1227 reme·

66 1253 174 1329 dium
197 1253 388 1329 nondum
407 1271 614 1355 repertum
630 1253 753 1345 esset,
788 1252 1053 1331 offenderent.

66 1360 163 1429 Haec
184 1370 320 1429 autem
335 1357 392 1428 ita
408 1356 636 1430 secundum
658 1372 892 1454 argumenta
916 1357 1055 1455 dispo-

65 1457 141 1544 sui,
168 1471 216 1529 ut
238 1458 373 1531 omnis
399 1457 707 1553 quodammodo
732 1473 917 1532 veterum
934 1463 1055 1531 Grae·

62 1583 201 1632 corum
216 1559 323 1632 vitae
340 1559 545 1647 conditio,
573 1564 662 1651 joca
679 1574 718 1632 et
735 1560 851 1646 seria,
881 1559 1055 1633 deorum

59 1658 220 1758 religia,
246 1658 468 1737 hominum
482 1683 544 1733 res
559 1660 604 1734 in
617 1686 715 1760 pace
731 1675 770 1734 et
784 1660 890 1736 bello
908 1675 1052 1759 gestae,

59 1760 205 1833 artium
234 1775 273 1833 et
306 1757 569 1859 opificiorum
598 1762 721 1849 ratio,
764 1762 1055 1835 conviviorum
1089 1806 1093 1813 ·

59 1860 254 1947 hilaritas,
281 1863 497 1960 regionum
514 1887 678 1958 quoque
700 1877 739 1934 et
763 1864 930 1936 urbium
953 1864 1055 1934 ima·

57 1964 165 2062 gines
184 1977 224 2036 et
237 1963 437 2037 memoria
452 1964 567 2060 quasi
583 1964 627 2036 iu
638 1965 772 2038 tabula
788 1962 1055 2037 multifariam

62 2063 247 2137 distincta
271 2064 325 2138 ob
349 2065 490 2138 oculos
506 2068 786 2163 portaretur*).
840 2071 928 2139 Hoc
950 2065 1055 2138 mihi
1088 2105 1089 2108 ¹

62 2165 278 2264 proposui,
320 2163 400 2255 hac
425 2180 590 2239 secutus
617 2189 709 2239 sum
718 2191 729 2253 ;
773 2191 824 2237 an
849 2182 1054 2239 assecutus

58 2265 153 2353 sim,
184 2265 253 2339 alii
276 2264 469 2358 judicent.
521 2270 610 2338 Hoc
631 2282 691 2338 sat
711 2267 817 2353 scio,
846 2268 1055 2340 nemiuem

55 2366 167 2441 launa
182 2366 337 2440 librum
353 2368 617 2442 evoluturum
640 2391 745 2454 esse,
780 2368 880 2463 quin
901 2367 1056 2464 aliquid
1118 2432 1128 2450 ,

55 2467 100 2543 in
126 2492 175 2542 eo
200 2467 251 2541 ad
274 2482 440 2567 gustum
462 2493 585 2542 suum
607 2469 808 2556 inveniat3
831 2482 968 2566 neque
989 2494 1053 2542 sa·

53 2569 144 2643 lum
160 2593 252 2658 eos,
275 2569 353 2665 qui
366 2584 545 2645 recentes
569 2569 620 2643 ad
636 2594 793 2669 graecas
817 2570 966 2644 litteras
992 2595 1055 2642 ac-

54 2669 228 2758 cedunt,
257 2669 413 2745 sedeas
429 2694 614 2769 quoque,
642 2673 714 2767 qui
735 2670 883 2744 iisdem
907 2671 1055 2770 proba·

51 2771 193 2847 biliter
218 2771 371 2845 imbuti
412 2787 526 2859 sunt,
566 2772 777 2848 habituros
824 2797 927 2869 quae
960 2799 1055 2845 cum

52 2873 267 2972 voluptate
291 2873 447 2970 legant,
488 2873 718 2970 quibusque
750 2873 801 2947 ad
826 2875 968 2948 altiora
991 2899 1055 2946 ca-

50 2971 255 3076 pessenda
271 2974 545 3048 subleventur.

154 3076 378 3163 Natarum,
407 3098 509 3170 quae
526 3099 602 3176 pro
630 3073 939 3166 consilio'hujus
958 3098 1054 3173 ope-

50 3174 109 3251 ris
126 3172 378 3268 adjiciendae
393 3191 526 3263 erant,
563 3174 712 3275 duplex
736 3199 862 3274 genus
887 3191 964 3262 est,
1000 3176 1054 3247 al-

51 3291 193 3353 terum
219 3275 271 3352 ad
296 3276 477 3353 criticam
497 3292 704 3378 spectans,
744 3276 795 3350 ad
818 3277 1055 3376 interpreta-

84 3546 112 3614 ')
135 3543 208 3628 'l'als
228 3541 368 3597 consilium
388 3543 447 3609 jam
467 3549 536 3629 anta·
550 3543 687 3597 biennium
708 3549 812 3596 secutus
839 3559 898 3595 sum
912 3541 954 3624 'in
977 3542 1057 3607 libro,

140 3612 732 3736 ttmmtttnll'ffltsltt‘tttttt„
744 3628 1057 3733 ”tttt¹¹¹l,lt‚t¹'¹¹tt

140 3750 208 3802 bros
227 3748 397 3803 distributum
419 3751 607 3819 complectitur.
647 3749 753 3802 Titulus
775 3749 839 3801 libri
862 3757 914 3800 est:
941 3750 1057 3800 baben

141 3818 209 3869 und
225 3818 331 3870 Kunrt
348 3820 408 3872 dur
424 3821 530 3872 Alton.
553 3820 654 3872 Turnus
669 3819 690 3869 l.
718 3819 830 3870 Gothus.
850 3815 925 3870 1824.
943 3817 988 3884 qui
1001 3817 1058 3866 Tu-

141 3885 294 3939 masidam
306 3891 346 3938 est
359 3888 487 3939 secundus
504 3885 736 3940 miscellaneorum
756 3887 918 3955 Scriptorum
936 3900 1057 3937 mearum

142 3954 584 4025 (Vermirahtesclrriltau),
598 3971 667 4024 quas
677 3954 739 4008 iutla
751 3954 936 4010 abauu01823
949 3952 1056 4022 prodire

138 4027 291 4092 meamne.
