<?xml version="1.0" encoding="UTF-8"?>
<!DOCTYPE html PUBLIC "-//W3C//DTD XHTML 1.0 Transitional//EN"
    "http://www.w3.org/TR/xhtml1/DTD/xhtml1-transitional.dtd">
<html xmlns="http://www.w3.org/1999/xhtml" xml:lang="en" lang="en">
 <head>
  <title>
</title>
<meta http-equiv="Content-Type" content="text/html;charset=utf-8" />
  <meta name='ocr-system' content='tesseract 3.04.00' />
  <meta name='ocr-capabilities' content='ocr_page ocr_carea ocr_par ocr_line ocrx_word'/>
</head>
<body>
  <div class='ocr_page' id='page_1' title='image "./delectusepigram00jacogoog_0036.png"; bbox 0 0 2506 4666; ppageno 0'>
   <div class='ocr_carea' id='block_1_1' title="bbox 841 284 1079 347">
    <p class='ocr_par' dir='ltr' id='par_1_1' title="bbox 841 284 1079 347">
     <span class='ocr_line' id='line_1_1' title="bbox 841 284 1079 347; baseline 0.025 -8"><span class='ocrx_word' id='word_1_1' title='bbox 841 302 854 347; x_wconf 73' lang='grc' dir='ltr'><strong>ι</strong></span> <span class='ocrx_word' id='word_1_2' title='bbox 944 284 1079 345; x_wconf 73' lang='lat' dir='ltr'><strong>mm</strong></span> 
     </span>
    </p>
   </div>
   <div class='ocr_carea' id='block_1_2' title="bbox 36 441 1161 2362">
    <p class='ocr_par' dir='ltr' id='par_1_2' title="bbox 36 441 1080 1256">
     <span class='ocr_line' id='line_1_2' title="bbox 62 441 1078 541; baseline -0.006 -14"><span class='ocrx_word' id='word_1_3' title='bbox 62 470 250 527; x_wconf 87' lang='lat' dir='ltr'><strong>teremus</strong></span> <span class='ocrx_word' id='word_1_4' title='bbox 268 460 308 521; x_wconf 90' lang='lat' dir='ltr'><strong>et</strong></span> <span class='ocrx_word' id='word_1_5' title='bbox 324 447 372 520; x_wconf 90' lang='lat' dir='ltr'><strong>in</strong></span> <span class='ocrx_word' id='word_1_6' title='bbox 385 442 508 521; x_wconf 89' lang='lat' dir='ltr'><strong>rebus</strong></span> <span class='ocrx_word' id='word_1_7' title='bbox 526 443 626 518; x_wconf 89' lang='lat' dir='ltr'><strong>etin</strong></span> <span class='ocrx_word' id='word_1_8' title='bbox 641 441 791 532; x_wconf 85' lang='lat' dir='ltr'><strong>verbis,</strong></span> <span class='ocrx_word' id='word_1_9' title='bbox 804 443 1078 541; x_wconf 77' lang='lat' dir='ltr'><strong>inquolecto··¹</strong></span> 
     </span>
     <span class='ocr_line' id='line_1_3' title="bbox 64 546 1078 647; baseline -0.006 -20"><span class='ocrx_word' id='word_1_10' title='bbox 64 578 171 639; x_wconf 90' lang='lat' dir='ltr'><strong>rem,</strong></span> <span class='ocrx_word' id='word_1_11' title='bbox 187 548 377 647; x_wconf 84' lang='lat' dir='ltr'><strong>ingraeci</strong></span> <span class='ocrx_word' id='word_1_12' title='bbox 390 546 592 621; x_wconf 89' lang='lat' dir='ltr'><strong>sermonis</strong></span> <span class='ocrx_word' id='word_1_13' title='bbox 607 546 816 619; x_wconf 88' lang='lat' dir='ltr'><strong>elementis</strong></span> <span class='ocrx_word' id='word_1_14' title='bbox 827 546 1078 644; x_wconf 85' lang='lat' dir='ltr'><strong>probeexer</strong></span> 
     </span>
     <span class='ocr_line' id='line_1_4' title="bbox 69 647 1080 748; baseline -0.003 -21"><span class='ocrx_word' id='word_1_15' title='bbox 69 655 213 740; x_wconf 88' lang='lat' dir='ltr'><strong>citum,</strong></span> <span class='ocrx_word' id='word_1_16' title='bbox 227 651 394 724; x_wconf 88' lang='lat' dir='ltr'><strong>haerere</strong></span> <span class='ocrx_word' id='word_1_17' title='bbox 407 672 529 748; x_wconf 89' lang='lat' dir='ltr'><strong>posse</strong></span> <span class='ocrx_word' id='word_1_18' title='bbox 550 647 861 746; x_wconf 84' lang='lat' dir='ltr'><strong>suspicaremur.</strong></span> <span class='ocrx_word' id='word_1_19' title='bbox 902 651 1080 725; x_wconf 88' lang='lat' dir='ltr'>Sensum</span> 
     </span>
     <span class='ocr_line' id='line_1_5' title="bbox 65 747 1079 850; baseline -0.005 -22"><span class='ocrx_word' id='word_1_20' title='bbox 65 754 199 828; x_wconf 89' lang='lat' dir='ltr'><strong>verbo</strong></span> <span class='ocrx_word' id='word_1_21' title='bbox 214 752 460 850; x_wconf 88' lang='lat' dir='ltr'><strong>plerumque</strong></span> <span class='ocrx_word' id='word_1_22' title='bbox 475 747 771 836; x_wconf 83' lang='lat' dir='ltr'><strong>indicavimus,</strong></span> <span class='ocrx_word' id='word_1_23' title='bbox 797 749 997 824; x_wconf 87' lang='lat' dir='ltr'><strong>sermonis</strong></span> <span class='ocrx_word' id='word_1_24' title='bbox 1015 775 1079 823; x_wconf 86' lang='lat' dir='ltr'><strong>ra·</strong></span> 
     </span>
     <span class='ocr_line' id='line_1_6' title="bbox 67 849 1079 949; baseline -0.004 -20"><span class='ocrx_word' id='word_1_25' title='bbox 67 857 252 940; x_wconf 86' lang='lat' dir='ltr'><strong>tionem,</strong></span> <span class='ocrx_word' id='word_1_26' title='bbox 280 851 316 925; x_wconf 86' lang='lat' dir='ltr'><strong>si</strong></span> <span class='ocrx_word' id='word_1_27' title='bbox 339 850 441 947; x_wconf 91' lang='lat' dir='ltr'><strong>quid</strong></span> <span class='ocrx_word' id='word_1_28' title='bbox 468 850 636 925; x_wconf 88' lang='lat' dir='ltr'><strong>haberet</strong></span> <span class='ocrx_word' id='word_1_29' title='bbox 654 875 731 949; x_wconf 90' lang='lat' dir='ltr'><strong>pro</strong></span> <span class='ocrx_word' id='word_1_30' title='bbox 762 849 873 923; x_wconf 90' lang='lat' dir='ltr'><strong>rium</strong></span> <span class='ocrx_word' id='word_1_31' title='bbox 892 864 931 922; x_wconf 92' lang='lat' dir='ltr'><strong>et</strong></span> <span class='ocrx_word' id='word_1_32' title='bbox 954 874 1079 948; x_wconf 84' lang='lat' dir='ltr'><strong>pecu·</strong></span> 
     </span>
     <span class='ocr_line' id='line_1_7' title="bbox 69 876 1080 1051; baseline -0.005 -21"><span class='ocrx_word' id='word_1_33' title='bbox 69 957 191 1043; x_wconf 87' lang='lat' dir='ltr'><strong>liare,</strong></span> <span class='ocrx_word' id='word_1_34' title='bbox 226 952 432 1027; x_wconf 87' lang='lat' dir='ltr'><strong>similibus</strong></span> <span class='ocrx_word' id='word_1_35' title='bbox 465 951 706 1051; x_wconf 88' lang='lat' dir='ltr'><strong>praesertim</strong></span> <span class='ocrx_word' id='word_1_36' title='bbox 733 876 840 1024; x_wconf 67' lang='lat' dir='ltr'><strong>iocis</strong></span> <span class='ocrx_word' id='word_1_37' title='bbox 873 949 1080 1026; x_wconf 84' lang='lat' dir='ltr'><strong>allatisil·</strong></span> 
     </span>
     <span class='ocr_line' id='line_1_8' title="bbox 70 1052 1079 1148; baseline -0.002 -17"><span class='ocrx_word' id='word_1_38' title='bbox 70 1059 245 1131; x_wconf 87' lang='lat' dir='ltr'><strong>lustrare</strong></span> <span class='ocrx_word' id='word_1_39' title='bbox 267 1053 406 1128; x_wconf 87' lang='lat' dir='ltr'><strong>conati</strong></span> <span class='ocrx_word' id='word_1_40' title='bbox 431 1076 596 1135; x_wconf 90' lang='lat' dir='ltr'><strong>sumus.</strong></span> <span class='ocrx_word' id='word_1_41' title='bbox 636 1054 783 1148; x_wconf 83' lang='lat' dir='ltr'>Neque</span> <span class='ocrx_word' id='word_1_42' title='bbox 810 1078 832 1123; x_wconf 88' lang='lat' dir='ltr'><strong>a</strong></span> <span class='ocrx_word' id='word_1_43' title='bbox 852 1052 1079 1140; x_wconf 86' lang='lat' dir='ltr'><strong>latinorum</strong></span> 
     </span>
     <span class='ocr_line' id='line_1_9' title="bbox 36 1152 1080 1273; baseline -0.005 -42"><span class='ocrx_word' id='word_1_44' title='bbox 36 1164 38 1169; x_wconf 85' lang='lat'>&#39;</span> <span class='ocrx_word' id='word_1_45' title='bbox 73 1158 323 1256; x_wconf 88' lang='lat' dir='ltr'><strong>scriptorum</strong></span> <span class='ocrx_word' id='word_1_46' title='bbox 339 1154 643 1252; x_wconf 84' lang='lat' dir='ltr'><strong>comparatione</strong></span> <span class='ocrx_word' id='word_1_47' title='bbox 661 1152 947 1273; x_wconf 73' lang='lat' dir='ltr'><strong>abstinuimus,</strong></span> <span class='ocrx_word' id='word_1_48' title='bbox 959 1154 1080 1255; x_wconf 83' lang='lat' dir='ltr'><strong>qnip-</strong></span> 
     </span>
    </p>

    <p class='ocr_par' dir='ltr' id='par_1_3' title="bbox 74 1254 1084 1535">
     <span class='ocr_line' id='line_1_10' title="bbox 155 1254 1081 1354; baseline -0.001 -24"><span class='ocrx_word' id='word_1_49' title='bbox 155 1281 295 1354; x_wconf 90' lang='lat' dir='ltr'><strong>quam</strong></span> <span class='ocrx_word' id='word_1_50' title='bbox 317 1255 493 1346; x_wconf 85' lang='lat' dir='ltr'><strong>juvenili</strong></span> <span class='ocrx_word' id='word_1_51' title='bbox 524 1254 644 1328; x_wconf 85' lang='lat' dir='ltr'><strong>aetati</strong></span> <span class='ocrx_word' id='word_1_52' title='bbox 683 1254 889 1351; x_wconf 91' lang='lat' dir='ltr'><strong>imprimis</strong></span> <span class='ocrx_word' id='word_1_53' title='bbox 932 1258 1081 1346; x_wconf 89' lang='lat' dir='ltr'><strong>jucun</strong></span> 
     </span>
     <span class='ocr_line' id='line_1_11' title="bbox 74 1284 1080 1459; baseline -0.006 -22"><span class='ocrx_word' id='word_1_54' title='bbox 74 1284 170 1437; x_wconf 76' lang='lat' dir='ltr'><strong>dnn</strong></span> <span class='ocrx_word' id='word_1_55' title='bbox 193 1372 235 1431; x_wconf 89' lang='lat' dir='ltr'><strong>et</strong></span> <span class='ocrx_word' id='word_1_56' title='bbox 259 1354 515 1434; x_wconf 82' lang='lat' dir='ltr'><strong>fructuosam</strong></span> <span class='ocrx_word' id='word_1_57' title='bbox 541 1378 629 1431; x_wconf 89' lang='lat' dir='ltr'><strong>esse</strong></span> <span class='ocrx_word' id='word_1_58' title='bbox 662 1355 911 1459; x_wconf 84' lang='lat' dir='ltr'>experientia</span> <span class='ocrx_word' id='word_1_59' title='bbox 942 1354 1080 1434; x_wconf 80' lang='lat' dir='ltr'><strong>edocti</strong></span> 
     </span>
     <span class='ocr_line' id='line_1_12' title="bbox 78 1461 1084 1535; baseline -0.004 0"><span class='ocrx_word' id='word_1_60' title='bbox 78 1461 239 1535; x_wconf 88' lang='lat' dir='ltr'><strong>scimus.</strong></span> <span class='ocrx_word' id='word_1_61' title='bbox 1079 1494 1084 1503; x_wconf 91' lang='lat'><strong>·</strong></span> 
     </span>
    </p>

    <p class='ocr_par' dir='ltr' id='par_1_4' title="bbox 80 1556 1161 2362">
     <span class='ocr_line' id='line_1_13' title="bbox 168 1556 1134 1656; baseline -0.002 -19"><span class='ocrx_word' id='word_1_62' title='bbox 168 1561 367 1637; x_wconf 86' lang='lat' dir='ltr'><strong>Ceterum</strong></span> <span class='ocrx_word' id='word_1_63' title='bbox 390 1581 522 1654; x_wconf 89' lang='lat' dir='ltr'><strong>quum</strong></span> <span class='ocrx_word' id='word_1_64' title='bbox 552 1557 635 1632; x_wconf 89' lang='lat' dir='ltr'><strong>hoc</strong></span> <span class='ocrx_word' id='word_1_65' title='bbox 666 1556 865 1635; x_wconf 87' lang='lat' dir='ltr'><strong>volumen</strong></span> <span class='ocrx_word' id='word_1_66' title='bbox 897 1558 1082 1656; x_wconf 89' lang='lat' dir='ltr'><strong>primum</strong></span> <span class='ocrx_word' id='word_1_67' title='bbox 1130 1601 1134 1611; x_wconf 93' lang='lat'><strong>·</strong></span> 
     </span>
     <span class='ocr_line' id='line_1_14' title="bbox 80 1655 1082 1757; baseline 0 -24"><span class='ocrx_word' id='word_1_68' title='bbox 80 1661 126 1734; x_wconf 89' lang='lat' dir='ltr'><strong>sit</strong></span> <span class='ocrx_word' id='word_1_69' title='bbox 155 1659 478 1747; x_wconf 80' lang='lat' dir='ltr'><strong>documentum,</strong></span> <span class='ocrx_word' id='word_1_70' title='bbox 514 1656 627 1732; x_wconf 91' lang='lat' dir='ltr'><strong>unde</strong></span> <span class='ocrx_word' id='word_1_71' title='bbox 662 1655 712 1730; x_wconf 89' lang='lat' dir='ltr'><strong>de</strong></span> <span class='ocrx_word' id='word_1_72' title='bbox 748 1682 870 1757; x_wconf 91' lang='lat' dir='ltr'><strong>opere</strong></span> <span class='ocrx_word' id='word_1_73' title='bbox 904 1683 926 1730; x_wconf 91' lang='lat' dir='ltr'><strong>a</strong></span> <span class='ocrx_word' id='word_1_74' title='bbox 958 1660 1082 1733; x_wconf 90' lang='lat' dir='ltr'><strong>nobis</strong></span> 
     </span>
     <span class='ocr_line' id='line_1_15' title="bbox 82 1757 1082 1876; baseline 0 -42"><span class='ocrx_word' id='word_1_75' title='bbox 82 1775 266 1862; x_wconf 90' lang='lat' dir='ltr'><strong>suscepto</strong></span> <span class='ocrx_word' id='word_1_76' title='bbox 292 1759 466 1876; x_wconf 78' lang='lat' dir='ltr'><strong>judicari</strong></span> <span class='ocrx_word' id='word_1_77' title='bbox 489 1759 641 1859; x_wconf 89' lang='lat' dir='ltr'><strong>possit,</strong></span> <span class='ocrx_word' id='word_1_78' title='bbox 678 1757 941 1832; x_wconf 85' lang='lat' dir='ltr'><strong>vehementer</strong></span> <span class='ocrx_word' id='word_1_79' title='bbox 967 1775 1082 1858; x_wconf 83' lang='lat' dir='ltr'><strong>opta-</strong></span> 
     </span>
     <span class='ocr_line' id='line_1_16' title="bbox 82 1858 1146 1962; baseline -0.001 -26"><span class='ocrx_word' id='word_1_80' title='bbox 82 1887 188 1950; x_wconf 88' lang='lat' dir='ltr'><strong>mus,</strong></span> <span class='ocrx_word' id='word_1_81' title='bbox 218 1875 268 1957; x_wconf 89' lang='lat' dir='ltr'><strong>ut</strong></span> <span class='ocrx_word' id='word_1_82' title='bbox 293 1860 381 1962; x_wconf 90' lang='lat' dir='ltr'><strong>spei</strong></span> <span class='ocrx_word' id='word_1_83' title='bbox 405 1860 451 1934; x_wconf 90' lang='lat' dir='ltr'><strong>in</strong></span> <span class='ocrx_word' id='word_1_84' title='bbox 479 1862 714 1958; x_wconf 88' lang='lat' dir='ltr'><strong>Conspectu</strong></span> <span class='ocrx_word' id='word_1_85' title='bbox 740 1858 791 1932; x_wconf 93' lang='lat' dir='ltr'><strong>de</strong></span> <span class='ocrx_word' id='word_1_86' title='bbox 821 1884 866 1931; x_wconf 86' lang='lat' dir='ltr'><strong>ea</strong></span> <span class='ocrx_word' id='word_1_87' title='bbox 899 1885 944 1933; x_wconf 91' lang='lat' dir='ltr'><strong>re</strong></span> <span class='ocrx_word' id='word_1_88' title='bbox 969 1861 1081 1935; x_wconf 89' lang='lat' dir='ltr'><strong>edito</strong></span> <span class='ocrx_word' id='word_1_89' title='bbox 1143 1862 1146 1871; x_wconf 82' lang='lat'>&#39;</span> 
     </span>
     <span class='ocr_line' id='line_1_17' title="bbox 85 1951 1081 2058; baseline 0 -23"><span class='ocrx_word' id='word_1_90' title='bbox 85 1951 303 2038; x_wconf 74' lang='lat' dir='ltr'><strong>concitatae</strong></span> <span class='ocrx_word' id='word_1_91' title='bbox 343 1959 670 2035; x_wconf 81' lang='lat' dir='ltr'><strong>satisfecerimus</strong></span> <span class='ocrx_word' id='word_1_92' title='bbox 750 1965 928 2058; x_wconf 87' lang='lat' dir='ltr'><strong>Operam</strong></span> <span class='ocrx_word' id='word_1_93' title='bbox 974 1978 1081 2035; x_wconf 89' lang='lat' dir='ltr'><strong>certe</strong></span> 
     </span>
     <span class='ocr_line' id='line_1_18' title="bbox 87 2059 1103 2177; baseline 0 -41"><span class='ocrx_word' id='word_1_94' title='bbox 87 2063 291 2167; x_wconf 76' lang='lat' dir='ltr'><strong>dedimus,</strong></span> <span class='ocrx_word' id='word_1_95' title='bbox 324 2077 371 2136; x_wconf 94' lang='lat' dir='ltr'><strong>ut</strong></span> <span class='ocrx_word' id='word_1_96' title='bbox 401 2086 478 2135; x_wconf 91' lang='lat' dir='ltr'><strong>nec</strong></span> <span class='ocrx_word' id='word_1_97' title='bbox 512 2063 557 2134; x_wconf 92' lang='lat' dir='ltr'><strong>in</strong></span> <span class='ocrx_word' id='word_1_98' title='bbox 593 2076 791 2177; x_wconf 81' lang='lat' dir='ltr'><strong>typorum</strong></span> <span class='ocrx_word' id='word_1_99' title='bbox 822 2059 968 2134; x_wconf 84' lang='lat' dir='ltr'><strong>formis</strong></span> <span class='ocrx_word' id='word_1_100' title='bbox 1003 2065 1084 2136; x_wconf 78' lang='lat' dir='ltr'><strong>ele-</strong></span> <span class='ocrx_word' id='word_1_101' title='bbox 1096 2092 1103 2105; x_wconf 58' lang='lat'>⁸</span> 
     </span>
     <span class='ocr_line' id='line_1_19' title="bbox 88 2162 1083 2263; baseline -0.002 -25"><span class='ocrx_word' id='word_1_102' title='bbox 88 2167 211 2263; x_wconf 81' lang='lat' dir='ltr'><strong>gartia</strong></span> <span class='ocrx_word' id='word_1_103' title='bbox 237 2177 279 2236; x_wconf 90' lang='lat' dir='ltr'><strong>et</strong></span> <span class='ocrx_word' id='word_1_104' title='bbox 301 2178 513 2249; x_wconf 84' lang='lat' dir='ltr'><strong>venustas,</strong></span> <span class='ocrx_word' id='word_1_105' title='bbox 550 2185 684 2257; x_wconf 92' lang='lat' dir='ltr'><strong>neque</strong></span> <span class='ocrx_word' id='word_1_106' title='bbox 717 2163 763 2235; x_wconf 94' lang='lat' dir='ltr'><strong>in</strong></span> <span class='ocrx_word' id='word_1_107' title='bbox 798 2162 944 2235; x_wconf 85' lang='lat' dir='ltr'><strong>chartis</strong></span> <span class='ocrx_word' id='word_1_108' title='bbox 970 2165 1083 2239; x_wconf 88' lang='lat' dir='ltr'><strong>nitor</strong></span> 
     </span>
     <span class='ocr_line' id='line_1_20' title="bbox 86 2262 1161 2362; baseline -0.002 -25"><span class='ocrx_word' id='word_1_109' title='bbox 86 2281 194 2362; x_wconf 86' lang='lat' dir='ltr'><strong>atque</strong></span> <span class='ocrx_word' id='word_1_110' title='bbox 238 2264 401 2338; x_wconf 87' lang='lat' dir='ltr'><strong>bonitas</strong></span> <span class='ocrx_word' id='word_1_111' title='bbox 445 2262 763 2350; x_wconf 85' lang='lat' dir='ltr'><strong>desideraretur,</strong></span> <span class='ocrx_word' id='word_1_112' title='bbox 809 2288 943 2360; x_wconf 91' lang='lat' dir='ltr'><strong>neque</strong></span> <span class='ocrx_word' id='word_1_113' title='bbox 982 2266 1084 2337; x_wconf 83' lang='lat' dir='ltr'><strong>vitia</strong></span> <span class='ocrx_word' id='word_1_114' title='bbox 1157 2327 1161 2335; x_wconf 93' lang='lat'><strong>.</strong></span> 
     </span>
    </p>
   </div>
   <div class='ocr_carea' id='block_1_3' title="bbox 82 2362 1087 3043">
    <p class='ocr_par' dir='ltr' id='par_1_5' title="bbox 82 2362 1085 3042">
     <span class='ocr_line' id='line_1_21' title="bbox 83 2362 1085 2485; baseline -0.005 -43"><span class='ocrx_word' id='word_1_115' title='bbox 83 2368 408 2485; x_wconf 87' lang='lat' dir='ltr'><strong>relinquerentur</strong></span> <span class='ocrx_word' id='word_1_116' title='bbox 433 2363 745 2464; x_wconf 74' lang='lat' dir='ltr'><strong>typographica,</strong></span> <span class='ocrx_word' id='word_1_117' title='bbox 776 2362 848 2435; x_wconf 91' lang='lat' dir='ltr'><strong>sed</strong></span> <span class='ocrx_word' id='word_1_118' title='bbox 874 2366 1013 2437; x_wconf 89' lang='lat' dir='ltr'><strong>omnia</strong></span> <span class='ocrx_word' id='word_1_119' title='bbox 1039 2366 1085 2444; x_wconf 85' lang='lat' dir='ltr'><strong>in</strong></span> 
     </span>
     <span class='ocr_line' id='line_1_22' title="bbox 82 2463 1086 2560; baseline -0.001 -18"><span class='ocrx_word' id='word_1_120' title='bbox 82 2467 265 2542; x_wconf 85' lang='lat' dir='ltr'><strong>maximis</strong></span> <span class='ocrx_word' id='word_1_121' title='bbox 291 2466 476 2541; x_wconf 89' lang='lat' dir='ltr'><strong>minimis</strong></span> <span class='ocrx_word' id='word_1_122' title='bbox 512 2490 634 2560; x_wconf 83' lang='lat' dir='ltr'><strong>quam</strong></span> <span class='ocrx_word' id='word_1_123' title='bbox 661 2463 991 2539; x_wconf 86' lang='lat' dir='ltr'><strong>emendatissime</strong></span> <span class='ocrx_word' id='word_1_124' title='bbox 1019 2492 1086 2543; x_wconf 85' lang='lat' dir='ltr'><strong>cx-</strong></span> 
     </span>
     <span class='ocr_line' id='line_1_23' title="bbox 83 2563 1085 2665; baseline -0.003 -21"><span class='ocrx_word' id='word_1_125' title='bbox 83 2569 364 2644; x_wconf 89' lang='lat' dir='ltr'><strong>scriberentur.</strong></span> <span class='ocrx_word' id='word_1_126' title='bbox 425 2571 476 2640; x_wconf 91' lang='lat' dir='ltr'><strong>Et</strong></span> <span class='ocrx_word' id='word_1_127' title='bbox 505 2566 551 2638; x_wconf 90' lang='grc' dir='ltr'><strong>ιιι</strong></span> <span class='ocrx_word' id='word_1_128' title='bbox 577 2565 653 2637; x_wconf 86' lang='lat' dir='ltr'><strong>hac</strong></span> <span class='ocrx_word' id='word_1_129' title='bbox 689 2563 858 2660; x_wconf 90' lang='lat' dir='ltr'><strong>quidem</strong></span> <span class='ocrx_word' id='word_1_130' title='bbox 883 2582 996 2665; x_wconf 88' lang='lat' dir='ltr'><strong>parte</strong></span> <span class='ocrx_word' id='word_1_131' title='bbox 1022 2593 1085 2641; x_wconf 64' lang='grc' dir='ltr'><strong>ιιι</strong></span> 
     </span>
     <span class='ocr_line' id='line_1_24' title="bbox 82 2665 1086 2766; baseline -0.005 -22"><span class='ocrx_word' id='word_1_132' title='bbox 82 2696 167 2744; x_wconf 88' lang='lat' dir='ltr'><strong>rarn</strong></span> <span class='ocrx_word' id='word_1_133' title='bbox 191 2668 345 2743; x_wconf 91' lang='lat' dir='ltr'><strong>nostris</strong></span> <span class='ocrx_word' id='word_1_134' title='bbox 371 2667 610 2766; x_wconf 86' lang='lat' dir='ltr'><strong>praesertim</strong></span> <span class='ocrx_word' id='word_1_135' title='bbox 634 2667 891 2765; x_wconf 88' lang='lat' dir='ltr'><strong>temporibus</strong></span> <span class='ocrx_word' id='word_1_136' title='bbox 914 2665 1086 2745; x_wconf 84' lang='lat' dir='ltr'><strong>felicita-</strong></span> 
     </span>
     <span class='ocr_line' id='line_1_25' title="bbox 82 2768 1085 2869; baseline -0.003 -23"><span class='ocrx_word' id='word_1_137' title='bbox 82 2787 161 2846; x_wconf 90' lang='lat' dir='ltr'><strong>tem</strong></span> <span class='ocrx_word' id='word_1_138' title='bbox 187 2768 344 2869; x_wconf 84' lang='lat' dir='ltr'><strong>experti</strong></span> <span class='ocrx_word' id='word_1_139' title='bbox 372 2791 528 2855; x_wconf 90' lang='lat' dir='ltr'><strong>sumus,</strong></span> <span class='ocrx_word' id='word_1_140' title='bbox 557 2793 687 2863; x_wconf 90' lang='lat' dir='ltr'><strong>quum</strong></span> <span class='ocrx_word' id='word_1_141' title='bbox 714 2768 970 2867; x_wconf 85' lang='lat' dir='ltr'><strong>plagularum</strong></span> <span class='ocrx_word' id='word_1_142' title='bbox 997 2794 1085 2843; x_wconf 86' lang='lat' dir='ltr'><strong>cor-</strong></span> 
     </span>
     <span class='ocr_line' id='line_1_26' title="bbox 83 2868 1087 3043; baseline -0.005 -96"><span class='ocrx_word' id='word_1_143' title='bbox 83 2887 216 2947; x_wconf 89' lang='lat' dir='ltr'><strong>rector</strong></span> <span class='ocrx_word' id='word_1_144' title='bbox 242 2869 364 2943; x_wconf 79' lang='lat' dir='ltr'><strong>nobis</strong></span> <span class='ocrx_word' id='word_1_145' title='bbox 389 2869 580 3043; x_wconf 65' lang='lat' dir='ltr'><strong>obtpperit</strong></span> <span class='ocrx_word' id='word_1_146' title='bbox 611 2882 695 2941; x_wconf 87' lang='lat' dir='ltr'><strong>tarn</strong></span> <span class='ocrx_word' id='word_1_147' title='bbox 731 2868 923 2966; x_wconf 87' lang='lat' dir='ltr'><strong>diligens,</strong></span> <span class='ocrx_word' id='word_1_148' title='bbox 951 2885 998 2942; x_wconf 89' lang='grc' dir='ltr'><strong>ιιι</strong></span> <span class='ocrx_word' id='word_1_149' title='bbox 1022 2871 1087 2945; x_wconf 88' lang='lat' dir='ltr'><strong>ni·</strong></span> 
     </span>
    </p>
   </div>
   <div class='ocr_carea' id='block_1_4' title="bbox 82 2970 1189 3979">
    <p class='ocr_par' dir='ltr' id='par_1_6' title="bbox 82 2970 1148 3879">
     <span class='ocr_line' id='line_1_27' title="bbox 82 2970 1087 3068; baseline -0.004 -21"><span class='ocrx_word' id='word_1_150' title='bbox 82 2972 135 3047; x_wconf 90' lang='lat' dir='ltr'><strong>hil</strong></span> <span class='ocrx_word' id='word_1_151' title='bbox 163 2977 253 3065; x_wconf 85' lang='lat' dir='ltr'><strong>ejus</strong></span> <span class='ocrx_word' id='word_1_152' title='bbox 282 2970 409 3043; x_wconf 88' lang='lat' dir='ltr'><strong>aciem</strong></span> <span class='ocrx_word' id='word_1_153' title='bbox 436 2971 625 3068; x_wconf 85' lang='lat' dir='ltr'><strong>eugiat,</strong></span> <span class='ocrx_word' id='word_1_154' title='bbox 660 2983 744 3045; x_wconf 88' lang='lat' dir='ltr'><strong>tam</strong></span> <span class='ocrx_word' id='word_1_155' title='bbox 776 2970 1012 3067; x_wconf 85' lang='lat' dir='ltr'><strong>religiosus,</strong></span> <span class='ocrx_word' id='word_1_156' title='bbox 1039 2984 1087 3043; x_wconf 91' lang='lat' dir='ltr'><strong>ut</strong></span> 
     </span>
     <span class='ocr_line' id='line_1_28' title="bbox 86 3070 1084 3170; baseline -0.003 -23"><span class='ocrx_word' id='word_1_157' title='bbox 86 3074 187 3148; x_wconf 86' lang='lat' dir='ltr'><strong>nulli</strong></span> <span class='ocrx_word' id='word_1_158' title='bbox 220 3095 355 3167; x_wconf 88' lang='lat' dir='ltr'><strong>neque</strong></span> <span class='ocrx_word' id='word_1_159' title='bbox 383 3070 564 3170; x_wconf 90' lang='lat' dir='ltr'><strong>tempori</strong></span> <span class='ocrx_word' id='word_1_160' title='bbox 604 3095 738 3166; x_wconf 91' lang='lat' dir='ltr'><strong>neque</strong></span> <span class='ocrx_word' id='word_1_161' title='bbox 771 3070 904 3145; x_wconf 88' lang='lat' dir='ltr'><strong>labori</strong></span> <span class='ocrx_word' id='word_1_162' title='bbox 935 3086 1084 3170; x_wconf 83' lang='lat' dir='ltr'><strong>parcat,</strong></span> 
     </span>
     <span class='ocr_line' id='line_1_29' title="bbox 85 3170 1088 3270; baseline -0.005 -20"><span class='ocrx_word' id='word_1_163' title='bbox 85 3190 163 3250; x_wconf 83' lang='lat' dir='ltr'><strong>tam</strong></span> <span class='ocrx_word' id='word_1_164' title='bbox 200 3170 379 3270; x_wconf 87' lang='lat' dir='ltr'><strong>denique</strong></span> <span class='ocrx_word' id='word_1_165' title='bbox 417 3170 621 3259; x_wconf 90' lang='lat' dir='ltr'><strong>eruditus,</strong></span> <span class='ocrx_word' id='word_1_166' title='bbox 664 3186 712 3244; x_wconf 91' lang='grc' dir='ltr'><strong>ιιι</strong></span> <span class='ocrx_word' id='word_1_167' title='bbox 750 3195 906 3245; x_wconf 84' lang='lat' dir='ltr'><strong>errores</strong></span> <span class='ocrx_word' id='word_1_168' title='bbox 941 3173 976 3246; x_wconf 88' lang='lat' dir='ltr'><strong>si</strong></span> <span class='ocrx_word' id='word_1_169' title='bbox 1014 3173 1088 3269; x_wconf 92' lang='lat' dir='ltr'><strong>qui</strong></span> 
     </span>
     <span class='ocr_line' id='line_1_30' title="bbox 87 3272 1088 3371; baseline -0.006 -20"><span class='ocrx_word' id='word_1_170' title='bbox 87 3290 294 3351; x_wconf 88' lang='lat' dir='ltr'><strong>auctorem</strong></span> <span class='ocrx_word' id='word_1_171' title='bbox 325 3273 538 3361; x_wconf 92' lang='lat' dir='ltr'><strong>latuerint,</strong></span> <span class='ocrx_word' id='word_1_172' title='bbox 573 3273 776 3371; x_wconf 83' lang='lat' dir='ltr'><strong>praeclare</strong></span> <span class='ocrx_word' id='word_1_173' title='bbox 810 3272 998 3351; x_wconf 89' lang='lat' dir='ltr'><strong>observet</strong></span> <span class='ocrx_word' id='word_1_174' title='bbox 1031 3289 1088 3347; x_wconf 83' lang='lat' dir='ltr'><strong>at·</strong></span> 
     </span>
     <span class='ocr_line' id='line_1_31' title="bbox 87 3373 1088 3474; baseline -0.007 -21"><span class='ocrx_word' id='word_1_175' title='bbox 87 3402 161 3474; x_wconf 89' lang='lat' dir='ltr'><strong>que</strong></span> <span class='ocrx_word' id='word_1_176' title='bbox 191 3374 376 3473; x_wconf 83' lang='lat' dir='ltr'><strong>corrigat</strong></span> <span class='ocrx_word' id='word_1_177' title='bbox 427 3374 535 3449; x_wconf 91' lang='lat' dir='ltr'><strong>Est</strong></span> <span class='ocrx_word' id='word_1_178' title='bbox 524 3398 559 3446; x_wconf 87' lang='lat' dir='ltr'><strong>rs</strong></span> <span class='ocrx_word' id='word_1_179' title='bbox 586 3376 630 3449; x_wconf 89' lang='lat' dir='ltr'><strong>A</strong></span> <span class='ocrx_word' id='word_1_180' title='bbox 656 3373 996 3462; x_wconf 86' lang='lat' dir='ltr'><strong>Straubelius,</strong></span> <span class='ocrx_word' id='word_1_181' title='bbox 1025 3377 1088 3468; x_wconf 74' lang='lat' dir='ltr'><strong>ju</strong></span> 
     </span>
     <span class='ocr_line' id='line_1_32' title="bbox 89 3473 1085 3574; baseline -0.005 -21"><span class='ocrx_word' id='word_1_182' title='bbox 89 3477 203 3553; x_wconf 86' lang='lat' dir='ltr'><strong>venis</strong></span> <span class='ocrx_word' id='word_1_183' title='bbox 225 3476 453 3574; x_wconf 85' lang='lat' dir='ltr'><strong>praeclarae</strong></span> <span class='ocrx_word' id='word_1_184' title='bbox 478 3473 646 3562; x_wconf 89' lang='lat' dir='ltr'><strong>indolis,</strong></span> <span class='ocrx_word' id='word_1_185' title='bbox 675 3499 798 3570; x_wconf 90' lang='lat' dir='ltr'><strong>quem</strong></span> <span class='ocrx_word' id='word_1_186' title='bbox 814 3474 958 3548; x_wconf 87' lang='lat' dir='ltr'><strong>litteris</strong></span> <span class='ocrx_word' id='word_1_187' title='bbox 977 3499 1085 3572; x_wconf 82' lang='lat' dir='ltr'><strong>grae</strong></span> 
     </span>
     <span class='ocr_line' id='line_1_33' title="bbox 91 3575 1086 3674; baseline -0.001 -24"><span class='ocrx_word' id='word_1_188' title='bbox 91 3579 142 3653; x_wconf 90' lang='lat' dir='ltr'><strong>cis</strong></span> <span class='ocrx_word' id='word_1_189' title='bbox 169 3591 211 3651; x_wconf 88' lang='lat' dir='ltr'><strong>et</strong></span> <span class='ocrx_word' id='word_1_190' title='bbox 236 3576 387 3663; x_wconf 77' lang='lat' dir='ltr'><strong>latiniS,</strong></span> <span class='ocrx_word' id='word_1_191' title='bbox 417 3601 516 3672; x_wconf 89' lang='lat' dir='ltr'><strong>quas</strong></span> <span class='ocrx_word' id='word_1_192' title='bbox 544 3577 627 3649; x_wconf 90' lang='lat' dir='ltr'><strong>acri</strong></span> <span class='ocrx_word' id='word_1_193' title='bbox 653 3575 789 3648; x_wconf 89' lang='lat' dir='ltr'><strong>studio</strong></span> <span class='ocrx_word' id='word_1_194' title='bbox 815 3577 1086 3674; x_wconf 84' lang='lat' dir='ltr'><strong>persequitur,</strong></span> 
     </span>
     <span class='ocr_line' id='line_1_34' title="bbox 94 3675 1148 3794; baseline -0.002 -44"><span class='ocrx_word' id='word_1_195' title='bbox 94 3676 308 3794; x_wconf 84' lang='lat' dir='ltr'><strong>aliquando</strong></span> <span class='ocrx_word' id='word_1_196' title='bbox 337 3676 477 3751; x_wconf 89' lang='lat' dir='ltr'><strong>decori</strong></span> <span class='ocrx_word' id='word_1_197' title='bbox 513 3692 552 3750; x_wconf 93' lang='lat' dir='ltr'><strong>et</strong></span> <span class='ocrx_word' id='word_1_198' title='bbox 587 3692 827 3751; x_wconf 82' lang='lat' dir='ltr'><strong>ornamento</strong></span> <span class='ocrx_word' id='word_1_199' title='bbox 855 3675 944 3751; x_wconf 88' lang='lat' dir='ltr'><strong>fore</strong></span> <span class='ocrx_word' id='word_1_200' title='bbox 971 3679 1088 3757; x_wconf 81' lang='lat' dir='ltr'><strong>certis</strong></span> <span class='ocrx_word' id='word_1_201' title='bbox 1139 3716 1148 3728; x_wconf 87' lang='lat'><strong>·</strong></span> 
     </span>
     <span class='ocr_line' id='line_1_35' title="bbox 96 3777 877 3879; baseline -0.001 -26"><span class='ocrx_word' id='word_1_202' title='bbox 96 3779 271 3879; x_wconf 84' lang='lat' dir='ltr'><strong>auguriis</strong></span> <span class='ocrx_word' id='word_1_203' title='bbox 302 3777 504 3877; x_wconf 88' lang='lat' dir='ltr'><strong>spondere</strong></span> <span class='ocrx_word' id='word_1_204' title='bbox 530 3803 650 3877; x_wconf 87' lang='lat' dir='ltr'><strong>posse</strong></span> <span class='ocrx_word' id='word_1_205' title='bbox 676 3777 877 3854; x_wconf 83' lang='lat' dir='ltr'><strong>videmur.</strong></span> 
     </span>
    </p>

    <p class='ocr_par' dir='ltr' id='par_1_7' title="bbox 185 3854 1189 3979">
     <span class='ocr_line' id='line_1_36' title="bbox 185 3854 1189 3979; baseline -0.002 -24"><span class='ocrx_word' id='word_1_206' title='bbox 185 3879 392 3955; x_wconf 83' lang='lat' dir='ltr'><strong>Volumcn</strong></span> <span class='ocrx_word' id='word_1_207' title='bbox 416 3880 498 3955; x_wconf 86' lang='lat' dir='ltr'><strong>hoc</strong></span> <span class='ocrx_word' id='word_1_208' title='bbox 532 3895 716 3976; x_wconf 86' lang='lat' dir='ltr'><strong>ternpore</strong></span> <span class='ocrx_word' id='word_1_209' title='bbox 741 3883 943 3979; x_wconf 86' lang='lat' dir='ltr'><strong>primum,</strong></span> <span class='ocrx_word' id='word_1_210' title='bbox 980 3854 1092 3953; x_wconf 81' lang='lat' dir='ltr'><strong>ordi</strong></span> <span class='ocrx_word' id='word_1_211' title='bbox 1186 3934 1189 3941; x_wconf 83' lang='lat'><em>·</em></span> 
     </span>
    </p>
   </div>
   <div class='ocr_carea' id='block_1_5' title="bbox 102 3970 1177 4137">
    <p class='ocr_par' dir='ltr' id='par_1_8' title="bbox 102 3970 1177 4137">
     <span class='ocr_line' id='line_1_37' title="bbox 102 3970 1177 4136; baseline 0.009 -83"><span class='ocrx_word' id='word_1_212' title='bbox 102 4005 141 4054; x_wconf 85' lang='lat' dir='ltr'><strong>ae</strong></span> <span class='ocrx_word' id='word_1_213' title='bbox 164 3979 432 4071; x_wconf 81' lang='lat' dir='ltr'><strong>vicesimum,</strong></span> <span class='ocrx_word' id='word_1_214' title='bbox 467 3979 710 4084; x_wconf 81' lang='lat' dir='ltr'><strong>propediem</strong></span> <span class='ocrx_word' id='word_1_215' title='bbox 744 3999 934 4136; x_wconf 63' lang='lat' dir='ltr'><strong>quuetur</strong></span> <span class='ocrx_word' id='word_1_216' title='bbox 965 3981 1092 4062; x_wconf 85' lang='lat' dir='ltr'><strong>Volu</strong></span> <span class='ocrx_word' id='word_1_217' title='bbox 1105 3970 1111 3979; x_wconf 42' lang='lat'>⁸</span> <span class='ocrx_word' id='word_1_218' title='bbox 1169 4015 1177 4031; x_wconf 91' lang='lat'><strong>·</strong></span> 
     </span>
     <span class='ocr_line' id='line_1_38' title="bbox 727 4087 795 4137; baseline 0 0"><span class='ocrx_word' id='word_1_219' title='bbox 727 4088 749 4137; x_wconf 70' lang='lat' dir='ltr'><strong>a</strong></span> <span class='ocrx_word' id='word_1_220' title='bbox 773 4087 795 4137; x_wconf 72' lang='lat' dir='ltr'><strong>s</strong></span> 
     </span>
    </p>
   </div>
   <div class='ocr_carea' id='block_1_6' title="bbox 0 0 1281 4666">
    <p class='ocr_par' dir='ltr' id='par_1_9' title="bbox 0 0 1281 4666">
     <span class='ocr_line' id='line_1_39' title="bbox 0 0 1281 4666; baseline 0 0"><span class='ocrx_word' id='word_1_221' title='bbox 0 0 1281 4666; x_wconf 95' lang='lat' dir='ltr'><strong> </strong></span> 
     </span>
    </p>
   </div>
  </div>
 </body>
</html>
