2506 4666
103 429 220 525 tione
239 426 488 514 continetur,
515 437 567 512 et,
589 422 686 498 licet
704 446 824 500 verae
839 443 1013 522 poeseos
1039 437 1111 506 aut

104 555 254 635 parum
280 542 350 608 aut
373 528 482 604 nihil
504 526 671 613 habeat,
721 521 940 601 artificiosa
971 540 1110 598 tamen

104 633 442 708 tenuissimarum
462 653 602 705 rerum
620 625 916 726 descriptione,
953 649 1111 700 sermo-

104 729 332 835 nisque'ad
354 732 443 806 illas
481 752 546 804 res
580 725 782 802 ornandas
817 725 1112 801 commendan-

106 834 261 931 dasque
290 832 450 936 egregie
485 827 736 907 conformati
767 826 920 904 dilectu
951 828 1112 929 placere

138 948 252 1012 otest

105 962 134 1075 Ρ
206 1040 294 1123 Jam
316 1054 417 1108 vero
437 1030 537 1108 huic
557 1053 731 1133 poeseos
759 1029 898 1129 generi
918 1025 1111 1128 parodias

106 1150 265 1213 mature
282 1134 530 1221 adhaesisse,
558 1147 598 1211 et
613 1129 698 1210 fere
721 1130 846 1207 simul
861 1155 957 1204 eum
972 1156 1021 1205 eo
1038 1156 1113 1204 na·
1146 1130 1157 1141 ⁹

105 1251 167 1321 tas
192 1260 302 1331 esse,
341 1257 464 1310 nemo
487 1233 722 1323 mirabitur,
765 1232 838 1330 qui
861 1236 1113 1336 Graecorum

106 1338 323 1438 ingenium
348 1336 534 1423 noverit,
581 1356 781 1431 quorum,
826 1347 875 1405 ut
898 1334 1115 1409 verissime

108 1438 344 1533 observavit
366 1435 668 1534 Welckerus
694 1448 835 1509 noster
848 1435 903 1531 *),
922 1435 1114 1511 universa

107 1540 193 1615 vita
215 1561 511 1635 sermonesque
536 1559 680 1610 omnes
705 1549 824 1631 atque
848 1536 991 1609 omnia
1013 1560 1114 1610 con.-

107 1641 221 1716 vivia
235 1637 502 1740 parodisrum
515 1638 675 1712 lusibus
692 1634 965 1712 abundabant.
1003 1637 1114 1712 Hinc

108 1754 301 1817 exortum
319 1754 379 1814 est
400 1758 529 1840 genus
551 1740 891 1840 epigrammatum
911 1745 1114 1830 emortuis,

107 1839 225 1939 quod
247 1841 401 1917 seriore
425 1864 547 1928 aevo,
584 1863 833 1936 quamquam
858 1839 982 1912 etiam
1010 1840 1115 1915 anti·

108 1943 270 2044 quitus,
298 1940 372 2018 sed
386 1942 539 2016 seriore
552 1941 757 2040 imprimis
775 1964 899 2029 aevo,
925 1940 1003 2014 ie.
1017 1955 1113 2040 post

108 2066 245 2119 seram
278 2041 640 2131 christiana-mita
664 2038 970 2138 frequentatum
992 2056 1112 2138 atque

107 2157 353 2219 exornatum
373 2157 453 2234 est,
481 2157 530 2216 ut
550 2156 590 2216 et
611 2141 714 2218 olim
737 2157 777 2216 et
798 2140 1116 2239 hodiequoqae

107 2241 231 2344 longe
277 2244 434 2337 lurimi,
461 2267 592 2341 quum
618 2243 919 2344 epigrammatis
935 2246 1115 2317 mentio-

108 2369 207 2420 nem
230 2270 320 2433 fiiri
341 2343 536 2435 videant,¹
565 2345 765 2420 continuo
786 2342 963 2439 aliquid,
999 2343 1115 2442 quod

109 2444 243 2524 risum
273 2457 460 2537 moveat,
501 2443 603 2521 sales
637 2458 757 2541 atque
793 2443 980 2533 dicteria,
1031 2447 1131 2522 sibi'

109 2546 250 2621 animo
268 2540 433 2646 fingant.

118 2677 121 2685 ¹
170 2692 173 2699 ·
208 2649 280 2725 Est
294 2659 431 2719 autem
448 2642 563 2719 aliud
581 2659 789 2745 praeterea
809 2670 936 2748 genus
958 2673 1113 2746 aprae-

111 2744 350 2823 cedentibus
382 2745 611 2838 diversum,
655 2745 726 2820 sed
756 2749 1003 2822 aveteribus
1029 2764 1114 2822 stu·

111 2846 229 2924 diose
247 2846 474 2935 excultum,
504 2845 619 2946 quod
638 2846 824 2922 medium
840 2865 898 2921 est
912 2849 1114 2946 quodam-

109 2946 239 3027 modo
257 2949 365 3026 inter
380 2948 549 3046 elegiam
564 2963 605 3022 et
620 2949 870 3050 epigramma
891 2951 1114 3042 assemano,

108 3047 261 3150 elegiae
287 3063 424 3124 tamen
447 3048 690 3150 plerumque
716 3050 907 3126 vicinius
948 3057 1114 3154 Quem-

110 3148 339 3238 admodum
380 3149 493 3225 enim
531 3150 640 3226 iuter
679 3151 902 3242 breviores,
952 3167 1001 3226 ut
1030 3153 1113 3228 hoc

108 3265 222 3346 utar,
240 3342 243 3347 γ
264 3251 468 3350 Propertii
493 3250 640 3351 elegias
671 3251 870 3349 quaedam
898 3255 1139 3358 reperiun-⁸

106 3362 191 3443 tur,
219 3376 322 3450 quae
337 3352 390 3428 ob
405 3366 534 3427 totam
550 3354 804 3454 singularum
819 3356 1000 3453 partium
1014 3380 1113 3431 con·

109 3449 428 3545 formationem,
469 3467 510 3528 et
538 3453 744 3554 imprimis
775 3455 828 3531 ob
860 3454 1112 3538 vividiorem

110 3554 268 3639 exitum
290 3551 409 3634 facile
424 3553 723 3658 epigrammatis
741 3558 1001 3633 annumerari
1014 3583 1113 3659 pos-

109 3655 215 3744 sint,
242 3654 299 3732 ita
315 3655 424 3731 inter
442 3657 666 3756 poematia,
695 3681 798 3757 quae
821 3659 867 3734 in
882 3660 1112 3759 Florilegiis
1153 3679 1155 3683 ‘

27 3776 32 3781 ·
111 3757 450 3856 epigrammatum
480 3755 693 3857 leguntur,
739 3761 933 3834 amatoria
967 3762 1112 3861 impri-

110 3858 212 3946 mis,
241 3854 471 3933 conrivalis
487 3871 528 3931 et
549 3860 816 3949 sententiose,
848 3858 961 3945 haud
983 3886 1111 3964 pausa

144 4081 218 4156 eu
231 4080 656 4155 amnemamnem
666 4085 1028 4159 numunianum.-
