2506 4666
22 240 29 535 l

1000 302 1066 355 :XV

69 481 217 540 veteres
242 461 430 543 versibus
446 473 679 548 tractarunt,
706 459 953 537 intentatum
971 459 1067 535 reli·
1169 463 1170 466 ’

71 570 260 663 quissent,
284 567 462 667 plurima
481 565 844 648 concinnaverunt,
862 587 965 658 quae
979 586 1065 637 sae·

73 670 145 741 culi
160 669 285 752 vitia,
313 667 472 766 optimo
496 667 645 761 cuique
667 664 931 749 inhaerentia,
958 661 1066 737 mul·

68 771 113 842 tis
131 769 355 843 virtutibus
373 781 700 864 compensarunt.
741 767 853 844 Inter
869 789 973 862 quos
988 763 1068 838 ho·

19 912 23 969 3
67 872 217 957 mines,
245 893 333 942 non
348 867 506 966 ingenii
521 881 682 941 tantum
697 865 894 966 elegantia
918 881 957 940 et
973 891 1066 939 eru-

19 980 22 995 '
66 973 243 1058 ditione,
290 968 363 1042 sed
394 969 627 1043 honoribus
667 990 833 1065 quoque
873 981 913 1043 et
957 968 1066 1043 vitae

66 1070 284 1172 splendore
330 1070 539 1158 illustres,
598 1067 846 1170 Agathias
904 1070 1066 1166 Myri-

65 1192 234 1262 naeuS,
264 1166 435 1266 obljuris
452 1172 584 1245 civilis
600 1167 905 1272 professionem
917 1170 942 1245 S
954 1167 1067 1243 cho·

64 1275 286 1348 lasticus
317 1288 606 1373 nuncupatus,
648 1298 701 1347 ne
728 1272 831 1347 laeta
866 1271 936 1343 illa
970 1295 1067 1345 cum

31 1466 34 1471 .
67 1377 131 1448 sui
150 1391 241 1448 tum
255 1375 442 1475 proxime
458 1373 731 1467 antecedentis
749 1371 900 1446 saeculi
921 1372 1066 1447 messis

65 1478 266 1563 interiret,
295 1499 384 1548 eam
401 1475 518 1572 quasi
537 1477 583 1549 in
606 1475 803 1550 horreum
828 1470 995 1562 inferre,
1020 1472 1067 1547 id

65 1594 139 1666 est,
176 1576 231 1651 ad
252 1577 450 1676 Meleagri
476 1576 737 1676 Philippique
765 1575 969 1650 rationem
989 1600 1067 1649 no·
1160 1652 1163 1657 ,

64 1704 162 1753 vum
174 1678 454 1752 recentiorum
461 1692 678 1779 poetarum
687 1678 952 1776 Florilegium
969 1702 1066 1752 con·

64 1780 156 1855 dere
169 1779 372 1866 instituit,
389 1779 446 1852 ita
453 1793 603 1869 tamen,
618 1795 665 1855 ut
674 1804 842 1855 omnem
854 1781 1068 1855 materiam

64 1878 291 1956 secundum
300 1895 635 1979 argumentorum
643 1880 1071 1982 diversitateminplu.

13 2002 21 2051 ².
63 2007 122 2058 res
146 1983 286 2056 libros
326 1980 536 2082 digereret.
607 1987 742 2090 Quam
783 1984 1067 2059 collectionem

13 2120 17 2167 ς
69 2085 204 2158 Κύκλου
229 2084 402 2157 nomine
418 2084 648 2185 inscripsit,
675 2085 793 2171 hanc,
821 2100 869 2158 ut
888 2084 1065 2173 videtur,

68 2183 119 2258 ob
137 2207 340 2272 caussam,
368 2184 483 2283 quod
502 2201 718 2285 poetarum
752 2186 800 2259 ab
829 2187 922 2286 ipso
954 2211 1067 2261 com-

12 2328 16 2353 2
64 2286 286 2385 pilatorum
320 2287 493 2359 nomina
514 2287 570 2359 ita
599 2287 898 2388 implicaverat,
939 2302 988 2362 ut
1009 2311 1065 2377 se,

64 2387 331 2484 tamquamin
344 2394 487 2482 πωλικῇ
508 2389 629 2488 χορείᾳ,
655 2387 802 2462 eodem
825 2412 985 2488 semper
1001 2412 1068 2464 or·

64 2487 159 2562 dine
184 2488 427 2587 exciperent.
476 2492 566 2563 Hoc
590 2491 831 2579 consilium,
868 2490 1068 2590 capitum·

63 2615 161 2687 que,
189 2589 237 2662 in
253 2613 356 2685 quae
373 2602 507 2663 totum
522 2614 627 2689 opus
644 2589 896 2690 descriptum
920 2604 998 2679 est,
1027 2607 1068 2667 et

61 2691 187 2764 unius
221 2695 419 2786 cujusque
453 2692 595 2792 capitis
639 2706 930 2790 argumentum
965 2697 1068 2792 Aga-

61 2792 164 2866 thias
184 2792 373 2889 exposuit
388 2791 434 2864 in
449 2792 691 2891 prooemio,
720 2792 834 2888 quod
855 2795 1021 2892 corpori
1044 2818 1069 2867 a

63 2918 101 2967 se
120 2886 324 2979 conflato,
358 2905 406 2964 ut
427 2894 633 2993 Meleager
656 2896 883 2992 antiquitus
910 2910 950 2967 et
969 2895 1067 2970 Phi·

60 2995 199 3094 lippus
223 2992 386 3067 coronis
403 2993 511 3082 suis,
536 2991 741 3093 praefixit,
770 2993 965 3091 quodque
986 3018 1065 3083 nos

63 3096 161 3168 olim
184 3093 232 3166 in
248 3093 686 3169 Animadversionibus
707 3095 758 3168 ad
774 3094 1068 3194 Anthologiam

62 3201 269 3282 Graecam,
297 3208 386 3268 tum
400 3195 447 3268 in
468 3194 715 3294 Anthologia
735 3197 914 3271 Palatina
935 3197 1070 3271 edidi-v

60 3322 165 3387 mus,
194 3320 330 3396 nuper
350 3312 487 3371 autem
501 3296 756 3384 Huschkius,
784 3297 850 3370 vir
874 3297 1070 3373 eruditis·

59 3400 218 3486 simus,
264 3395 395 3471 doctis
433 3396 860 3472 animadversionibus
888 3400 1067 3473 illustra-

57 3514 146 3575 tum
159 3499 209 3572 in
224 3497 372 3571 ultimo
388 3498 658 3601 Anthologiao
672 3498 923 3576 Boschianae
945 3501 1067 3577 volu-

54 3602 170 3678 mine
193 3597 332 3673 denuo
350 3599 544 3675 exhibuit.

155 3705 300 3805 Quum
320 3704 422 3793 jam,
446 3716 606 3803 praeter
627 3702 827 3778 Stratonis
852 3717 892 3776 et
910 3703 1067 3802 Dioge·

54 3803 119 3878 ais
143 3800 430 3893 collectiones,
471 3803 547 3876 tria
578 3818 778 3878 exstarent
798 3804 1066 3904 epigramma«

55 3918 146 3981 tum
174 3902 418 4002 Florilegia,
446 3904 782 4003 antiquissimum
814 3922 959 4007 poetae
987 3909 1066 3981 Ga-

56 4002 202 4081 tareni
239 4017 280 4077 et
311 4002 408 4079 duo·
437 4004 537 4094 alia,
573 4004 696 4099 hujus
731 4018 940 4107 tamquam
967 4029 1065 4123 sup-

54 4108 264 4208 plementa
278 4125 310 4196 ,1
349 4104 532 4209 Philippi
586 4121 628 4184 et
676 4109 891 4211 Agathiae,
940 4121 1063 4183 terno
