2506 4666
952 291 1049 343 xxtx

68 471 154 536 sem,
178 440 348 545 prodiit,
386 441 624 533 editionem,
653 457 722 520 aut
736 444 874 546 potius
900 443 1049 523 editio·

69 550 118 621 nis
135 548 298 621 nostrae
319 548 606 646 repetitionem
627 546 739 622 vitiis
763 545 1045 637 deformatam,

69 648 211 748 ambigo
232 647 423 745 equidem
437 661 577 723 utrum
599 646 732 721 dicam
750 653 888 746 peiore
913 651 1047 724 consi·

65 750 109 825 lio
123 751 373 836 institutam,
401 773 452 821 an
474 753 626 841 majore
650 749 838 823 socordia
854 748 1053 851 profligae

64 865 143 925 tam.
191 853 303 926 Nam
326 848 527 950 primum,
564 848 638 946 qui
659 850 751 924 viro
776 847 982 928 industrio
1008 866 1049 927 et

65 949 282 1026 commodis
300 951 384 1025 suis
400 951 559 1025 intento
579 951 799 1050 persuasit,
832 966 880 1026 ut
901 951 1049 1030 editio·

63 1079 145 1126 nem
166 1067 351 1127 nostram
374 1049 595 1146 aesomnium
614 1067 831 1151 repeteret,
870 1055 1053 1153 pessime·

63 1159 135 1242 eius
173 1154 297 1230 rebus
339 1151 557 1227 consuluit.
633 1153 734 1256 Quis
774 1154 885 1228 enim
919 1156 1050 1229 nescit

62 1269 203 1328 textum
219 1253 489 1352 Anthologiae
509 1255 562 1329 ob
583 1252 696 1327 haud
715 1277 842 1329 unam
865 1280 1049 1330 caussam

62 1357 110 1428 ita
137 1371 418 1455 comparatum
451 1378 557 1442 esse,
606 1368 654 1427 ut
685 1356 823 1429 nullus
850 1353 935 1431 fere
962 1363 1048 1451 ejus

64 1455 304 1556 corrigendi,
347 1454 594 1530 emendandi
615 1469 654 1529 et
676 1456 912 1555 expoliendi
934 1484 1053 1558 repe·

60 1559 177 1631 riatur
211 1554 327 1645 finis;
370 1556 484 1652 quod
509 1572 548 1630 et
572 1580 684 1631 nuno
709 1558 831 1656 novis
866 1560 1050 1655 quotidie

59 1660 245 1758 exemplis
270 1657 559 1756 intelligimus,
595 1673 634 1731 et
654 1672 744 1732 tum
760 1659 1057 1750 intelleximus,

58 1785 181 1856 quum
208 1760 514 1834 observationes
539 1759 695 1831 criticas
727 1759 946 1858 adeatque
969 1762 1058 1839 Ad:-

60 1860 185 1934 denda
213 1859 266 1937 ad
293 1859 582 1958 Anthologiam
603 1860 827 1936 Palatinam
856 1862 1050 1939 scribere·

56 1986 153 2036 mus.
207 1966 256 2036 In
279 1960 343 2035 his
364 1961 718 2035 observationibus
741 1962 943 2061 plurimos
967 1979 1050 2039 tex·

58 2078 116 2137 tus
133 2062 294 2136 anobis
311 2060 412 2135 editi
422 2062 535 2136 locos
552 2076 641 2135 tum
657 2088 705 2135 ex
720 2064 969 2140 membranis
987 2066 1050 2140 di-

60 2163 243 2262 ligentius
259 2161 474 2261 inspectis,
501 2176 591 2235 tum
613 2187 660 2234 ex
675 2164 762 2236 aliis
779 2161 964 2240 fontibus
987 2193 1050 2241 re-

56 2267 152 2339 ctius
170 2264 480 2351 constituimus,
507 2261 689 2359 vitiaque
707 2279 746 2337 et
759 2268 1050 2367 typographica

55 2381 91 2439 et
112 2381 277 2440 nostros
296 2388 449 2438 errores
469 2360 702 2460 frequenter
717 2366 1025 2444 emendavimus
1036 2397 1049 2460 3

55 2490 150 2563 quas
167 2468 322 2557 δευτέρας
337 2466 515 2561 φροντίδας
528 2480 694 2539 nostras·
710 2467 766 2556 is,
802 2470 875 2564 qui
891 2472 1050 2546 Tauch-

53 2567 171 2640 nitzii
187 2566 412 2642 editionem
429 2568 603 2654 curavit,
632 2565 732 2643 adeo
751 2567 830 2643 sibi
843 2571 1050 2671 negligen-

53 2668 121 2742 das
141 2669 314 2768 putavit,
341 2682 387 2740 ut
404 2667 570 2741 tertium
591 2666 783 2743 editionis
800 2687 962 2745 nostrae
976 2697 1051 2748 vo·

51 2772 195 2843 lumen
228 2783 297 2841 aut
327 2769 448 2867 plane
473 2768 702 2867 ignorasse,
747 2786 816 2843 aut
848 2798 900 2846 ne
926 2774 1051 2848 semel

52 2867 222 2969 quidem
245 2867 500 2943 consuluisse
515 2868 726 2943 videatur..
766 2872 902 2974 Quid?
937 2866 1052 2970 quod

51 2987 207 3046 veteres
232 2993 387 3044 errores
410 2992 497 3043 non
518 2969 655 3045 solum
680 2976 942 3087 propagavit,
978 2975 1051 3050 sed

53 3072 174 3148 novis
199 3071 366 3146 eosdem
391 3085 509 3166 atque
533 3071 780 3170 turpissimis
808 3076 918 3149 auxit
926 3090 949 3165 ;'
978 3104 1050 3152 ne-

52 3200 131 3272 que
154 3173 310 3260 solum,
348 3170 462 3268 quod
485 3173 609 3272 vulgo
638 3168 701 3261 fit,
740 3175 961 3274 spirituum
986 3205 1050 3252 ac·

52 3290 329 3370 centuumque
349 3272 531 3373 apicibus
550 3286 619 3346 aut
634 3274 796 3349 omissis
820 3292 888 3350 aut
906 3303 1049 3378 perpe·

51 3403 140 3451 ram
164 3374 331 3474 positis,
381 3372 454 3447 sed
479 3375 624 3471 quovis
653 3375 732 3449 alio
758 3376 1049 3478 vitiorum3ge·

50 3502 171 3565 nere,
221 3476 368 3575 quibus
400 3470 534 3561 bonae
574 3473 730 3549 chartae
764 3476 810 3550 in
839 3478 1046 3570 uinantur,

50 3577 245 3679 peccavit.
289 3581 424 3678 Quare
438 3599 560 3671 quam
575 3574 717 3648 titulus
732 3503 950 3675 profitetur.
962 3578 1048 3656 edi·

50 3682 212 3756 tionem
234 3674 298 3751 odv
316 3679 450 3770 πλείστῃ
466 3674 612 3778 ἀκριβείᾳ
631 3675 797 3779 factam,
825 3704 915 3754 eam
938 3680 1048 3784 dudd

52 3813 117 3876 μως
143 3783 201 3854 καὶ
232 3778 356 3871 ἀμελῶς
384 3793 642 3876 procuratam
665 3803 750 3852 esse
769 3783 939 3878 'quaevis
963 3782 1049 3859 fere

53 3883 199 3984 pagina
221 3880 414 3976 loquitur.
482 3879 606 3980 Quod
630 3904 692 3954 ne·
714 3896 878 3956 temere.
899 3883 1048 3958 dixisse

56 3985 213 4070 videar,
240 3979 424 4082 exempla·
436 3979 653 4078 quaedam,
683 4007 812 4085 pauca
827 3983 878 4059 de
888 3986 1045 4077 multis,
