2506 4666
207 305 281 363 m

118 540 125 559 ἱ
159 443 166 460 ’
208 462 539 568 postAgarhiam‘
556 460 739 549 saeculo,
784 481 867 559 quo
892 475 1076 562 ternpore
1098 464 1213 539 Con·

208 567 411 641 stantinus
438 563 815 663 Porphyrogeneta,
848 563 1127 664 mingentem
1144 590 1214 638 ve·

209 669 307 742 teris
336 664 580 741 eruditionis
615 665 826 743 materiam
848 664 893 737 in
918 664 1215 764 compendium

209 768 422 869 redigeret,
450 792 498 840 ex
511 765 733 853 historicis,
759 762 944 853 medicis,
973 769 1214 841 oeconomi-

208 872 268 944 cis
297 869 470 965 aliisque
503 867 770 966 scriptoribus
803 883 987 967 excerpta
1026 865 1214 943 facienda

208 994 380 1069 eamque
409 966 655 1070 farraginem
686 967 915 1042 secundum
952 984 1216 1068 argumento·

207 1098 303 1148 rum
323 1071 561 1146 varietatem
585 1070 632 1144 in
652 1070 784 1169 capita
806 1067 1071 1169 redigendam
1097 1095 1216 1145 cura·

206 1174 288 1263 bat,
316 1173 420 1247 alius
437 1171 605 1268 quidam
629 1171 1030 1259 Constantinus,
1058 1197 1216 1272 cogno·

207 1276 321 1351 mine
337 1272 473 1374 Ceph
483 1273 603 1361 alas,
614 1364 617 1369 .
630 1272 796 1370 ignotus
814 1274 1051 1370 ceteroquin
1065 1273 1213 1361 home,

207 1375 338 1451 simili
360 1372 540 1472 quodam
556 1374 731 1446 consilio
746 1387 881 1448 vetera
906 1373 976 1447 illa
995 1374 1216 1474 Florilegia

206 1474 483 1577 compilando,
505 1491 607 1549 etex
623 1474 924 1648 epigrammatis
940 1474 1039 1549 inde
1053 1477 1214 1551 selectis

205 1603 368 1654 novum
389 1581 627 1676 syntagma,
664 1601 685 1648 a
732 1575 945 1674 Agathiae,
972 1589 1018 1649 ut
1032 1576 1212 1665 videtur,

206 1680 442 1780 exemplum
457 1679 503 1752 in
517 1677 635 1777 plura
658 1677 789 1775 capita
813 1675 1083 1777 descriptum,
1113 1703 1214 1753 con·

204 1780 394 1856 dendum
401 1794 441 1855 et
449 1777 785 1855 concinnandum
794 1779 983 1877 suscepit.
1002 1785 1115 1861 ,Post
1130 1779 1213 1855 hoc

189 1905 334 1984 opus,
371 1879 421 1955 de
450 1882 566 1973 cujus
590 1879 750 1955 ratione
772 1893 812 1953 et
834 1878 1108 1980 dispositione
1122 1906 1213 1955 non

205 1984 350 2059 attinet
358 1982 479 2083 plura
492 1981 574 2056 hoc
588 1982 682 2057 loco
702 1978 849 2068 dicere,
867 2005 997 2077 quum
1011 2006 1055 2054 ea
1073 1983 1212 2055 omnis

203 2087 252 2165 in
271 2084 542 2183 Anthologiae
565 2081 769 2158 Palatinae
792 2080 994 2170 editione,
1022 2097 1113 2156 ante
1131 2082 1210 2157 hos

203 2185 404 2262 tredecim
419 2208 549 2260 annos
571 2184 729 2259 anobis
746 2197 944 2284 suscepta,
971 2184 1212 2257 luculentis·

188 2289 309 2374 ‚sime
324 2302 470 2388 pateat,
488 2286 731 2361 vetustiores
747 2285 1018 2384 Anthologiae
1035 2308 1212 2360 evanue·

202 2404 315 2477 runt,
353 2412 430 2462 nec
452 2388 632 2462 multum
655 2387 811 2472 aberat,
849 2387 952 2482 quin
976 2387 1212 2463 Constanti-

202 2492 252 2565 ni
273 2513 441 2586 quoque
462 2487 731 2586 Florilegium
754 2485 868 2561 idem
889 2484 1020 2561 fatum
1041 2487 1211 2575 subiret,

202 2605 424 2691 postquam
438 2588 599 2664 saeculo
618 2587 780 2663 decimo
797 2604 941 2685 quarto
957 2589 1211 2665 Maximus

202 2689 480 2778 Planudes,
521 2687 650 2763 homo
673 2688 902 2764 industrius
933 2715 1067 2787 neque
1088 2690 1212 2765 indo·

204 2808 312 2881 ctus,
342 2790 605 2887 Constantini
619 2790 912 2892 Anthologiam
935 2791 1072 2866 denuo
1099 2817 1212 2865 com·

202 2895 400 2994 pilaverat
443 2906 482 2965 et
523 2891 570 2964 in
610 2891 739 2967 alium
773 2891 964 2968 ordinem
989 2891 1209 2992 redegerat

204 3000 347 3098 Quum
362 2993 474 3069 enim
494 2992 791 3069 Constantinus
817 3019 985 3068 omnem
1010 2994 1210 3092 epigram·

203 3111 361 3172 matum
382 3117 605 3169 numerum
629 3093 859 3169 secundum
874 3108 1210 3194 argumentorum
1242 3144 1252 3187 f

202 3198 405 3272 rationem
423 3196 468 3270 in
484 3196 686 3295 generalia
706 3195 907 3295 quaedam
932 3197 1063 3296 capita
1078 3194 1211 3295 diges-

202 3300 340 3386 sisset,
367 3299 424 3372 ita
446 3311 493 3370 ut
510 3294 771 3386 dedicatoria,
800 3296 985 3396 satyrica,
1014 3298 1209 3371 amatoria
1240 3378 1246 3397 ι

203 3415 415 3495 ceteraque
453 3398 630 3490 junctim
660 3400 911 3498 legerentur,
945 3396 1063 3473 nullo
1094 3423 1210 3497 prae·
1250 3483 1253 3488 ,

200 3498 670 3597 tereaaliodiscrimine;
687 3499 939 3577 Maximus
956 3497 1208 3575 Planudes

201 3616 242 3676 et
256 3603 459 3677 librorum
475 3599 666 3675 ordinem
681 3601 935 3687 immutavit,
965 3613 1004 3671 et
1022 3601 1209 3699 singulos
1245 3677 1248 3690 ,

199 3703 329 3778 libros
345 3702 392 3777 in
416 3703 596 3803 plurima
619 3704 749 3803 capita
771 3699 1006 3799 discerpsit,
1040 3717 1209 3802 excepto

200 3806 399 3904 septimo,
442 3805 517 3901 qui
540 3806 736 3879 amatoria
763 3802 1037 3901 complectens
1072 3800 1211 3879 distri·

199 3905 418 3981 butionem
435 3931 510 4006 per
534 3906 649 3980 locos
674 3925 917 3980 communes
944 3903 1084 3977 minus
1105 3902 1212 3979 fere÷
1241 3987 1243 3990 ,

198 4006 279 4083 bat
333 4009 527 4084 Ceterum
543 4006 745 4082 Planudes
762 4008 808 4081 in
829 4005 911 4079 hoc
929 4027 1065 4101 opere,
1094 4004 1212 4102 quod
1231 4038 1236 4047 ·

198 4105 412 4217 renouata
424 4109 595 4207 διαφόρων
607 4108 856 4211 irrypqqrdror
863 4104 1087 4204 inscripsit,
1102 4106 1212 4191 nihil
