2506 4666
1017 292 1061 343 XI

54 446 282 541 habentur,
321 468 427 545 qnae
446 470 524 545 pro
546 446 684 547 elegiis
705 442 874 535 habere,
902 462 1060 525 etcum
1146 455 1147 458 ’

56 546 304 629 Mimnermi
316 548 507 639 alicujus,
535 562 604 621 aut
620 548 783 622 Solonis
799 563 838 621 et
852 552 887 623 T
888 548 1059 649 heogni·

58 651 114 725 dis
138 652 299 747 ἐλεγείοις
317 648 536 724 commode
553 652 800 747 coniungere
819 651 964 748 possis,
1007 658 1059 726 Et

53 752 176 845 hujus
222 748 394 847 quidem
429 750 588 849 generis
622 749 744 847 longe
775 751 976 825 maximus
1011 778 1060 829 ex

55 854 172 929 omni
187 848 281 927 fere
298 865 425 925 aetate
439 873 637 925 numerus
653 849 704 923 ad
719 866 859 925 nostra
875 867 1059 952 tempora

53 968 242 1034 servanus
256 966 342 1040 est,
368 952 415 1027 in
436 975 519 1048 quo
539 950 717 1051 plurima
738 964 834 1027 sunt
855 968 895 1027 et
912 955 1059 1028 inven-

53 1056 182 1132 tionis
206 1051 332 1129 laude
348 1054 588 1152 conspicua,
617 1067 657 1128 et
679 1054 876 1129 orationis
900 1054 1060 1154 elegan-

55 1159 107 1233 tia
129 1154 505 1259 praestantissima,
546 1152 696 1253 quibus
720 1159 891 1245 jactura,
936 1180 1059 1252 quam

53 1258 98 1333 in
135 1256 332 1357 elegiacis
371 1254 522 1355 optimi
557 1255 649 1329 aevi
684 1255 819 1371 poetis
851 1254 1057 1345 ¹fecimus,

61 1354 373 1458 quodammodo
404 1355 639 1444 resarcitur,
680 1355 806 1452 1dque
840 1382 890 1432 eo
916 1361 1058 1459 magis,

60 1484 135 1559 quo
160 1457 438 1533 verisimilius
468 1470 530 1531 est
566 1454 679 1532 haud
703 1482 833 1555 pauca
867 1459 987 1533 iniis
1011 1486 1060 1534 ex

55 1558 363 1663 limpidissimis
378 1558 650 1633 vetustiorum
675 1557 945 1657 elegiacorum
965 1558 1061 1636 fon·

56 1664 166 1739 tibus
184 1658 364 1737 deducta
384 1674 504 1755 atque
520 1657 700 1734 derivata
714 1683 812 1757 esse.

151 1768 249 1847 Jam
270 1760 554 1861 reputantibus
575 1760 719 1847 nobis,
764 1775 913 1857 quanta
935 1758 1062 1839 fuerit

59 1888 125 1969 per
143 1878 285 1938 totam
312 1862 523 1939 Graeciam
547 1860 596 1936 ab
627 1863 911 1960 antiquissima
935 1878 1061 1938 aetate

57 1965 327 2069 publicorum
360 1963 699 2065 privatorumque
732 1965 868 2039 omnis
902 1966 1061 2066 generis

63 2066 416 2142 monimentorum
433 2066 572 2165 copia,
601 2089 623 2138 e
640 2064 789 2159 quibus
805 2066 983 2165 plurima
998 2068 1062 2141 in-

65 2166 357 2269 scriptionibus
369 2166 569 2241 instructa
585 2163 713 2239 fuisse
738 2180 913 2256 constat,
942 2166 1063 2242 dubi·

57 2269 130 2343 tari
151 2292 251 2343 non
283 2281 419 2367 potest
463 2290 687 2341 numerum
724 2266 1063 2364 epigrammatum

56 2371 559 2467 versibusconceptorum
572 2366 684 2440 haud
705 2364 833 2441 fuisse
856 2371 1061 2467 exiguum.

55 2474 167 2547 Inter
197 2470 301 2546 haec
323 2495 452 2567 quum
475 2470 655 2568 plurima
684 2484 836 2556 essent,
878 2495 980 2567 quae
1012 2472 1064 2545 ad

10 2650 13 2677 ι
54 2571 317 2678 populorum
337 2595 401 2647 res
423 2585 571 2669 gestas,
614 2568 666 2641 ad
689 2585 869 2644 veterem
893 2573 1063 2647 urbium

54 2671 329 2759 memoriam,
375 2671 716 2771 singulorumque
747 2671 970 2749 hominum
1000 2675 1064 2748 vi-

51 2791 137 2851 tam
197 2771 482 2855 illustrandam
538 2787 797 2847 momentum
853 2773 1060 2864 haberent,

53 2874 226 2962 Graeci,
270 2888 451 2948 vetustae
480 2899 620 2949 rerum
643 2898 811 2949 suarum
838 2877 1063 2952 memoriae

52 2988 380 3083 perscrutatores
407 2975 698 3062 curiosissimi,
732 3001 808 3049 nec
833 2974 945 3050 hunc
967 2975 1062 3051 fon·

52 3094 137 3155 tem
161 3076 457 3176 neglexerunt,
484 3077 823 3172 exstiteruntque,
862 3079 935 3173 qui
958 3083 1063 3171 ejus-

51 3179 178 3257 modi
202 3178 489 3279 epigrammata
511 3201 559 3253 ex
578 3177 770 3276 dispersis
794 3181 1068 3254 monimentis

51 3283 320 3381 colligerent,
361 3280 566 3375 simulque
593 3305 688 3353 cunr
713 3279 834 3377 ipsis,
884 3280 1064 3376 adquae

80 3381 340 3471 eminebant,
387 3381 580 3483 operibus
614 3379 827 3479 descripta
847 3396 886 3454 et
920 3380 1064 3455 adum-

51 3408 172 3562 irata
191 3496 411 3559 servarent.
453 3484 842 3559 commemorantur
857 3485 1065 3557 collectio·

54 3611 127 3663 nes
150 3583 284 3677 hujus
305 3582 485 3683 generis,
525 3582 689 3658 duobus
715 3596 806 3657 ante
830 3608 964 3676 aeram
987 3610 1064 3659 no-

55 3704 187 3763 stram
202 3685 375 3759 saeculis
393 3686 652 3771 aPolemone
670 3686 946 3775 concinnatae,
974 3703 1065 3761 tum

57 3792 243 3874 Alcetas,
294 3786 533 3861 Philochori
564 3802 603 3859 et
643 3786 837 3874 aliorum,
890 3814 1065 3887 quarum

59 3892 173 3965 nulla
194 3901 366 3963 aetatem
381 3886 496 3978 tulit,
523 3912 772 3985 quamquam
792 3887 885 3987 satis
907 3892 959 3965 sit
980 3915 1064 3963 cre·

66 3990 190 4069 dibile
216 4014 241 4063 a
256 3988 480 4065 senioribus
504 4004 594 4063 tum
614 3986 845 4077 historicis,
879 4008 969 4065 tum
984 3997 1064 4067 An·

68 4091 348 4193 tbalogiarum-
393 4088 678 4181 conditoribus
727 4092 958 4191 antiquiora
992 4093 1066 4167 illa
