2506 4666
1002 334 1070 386 XXI

71 486 226 560 lumine
258 481 463 585 insignem
497 480 608 585 apud
645 508 810 583 graecae
841 488 1070 588 latinaeque
1198 554 1202 559 .

72 611 241 689 poeseos
266 600 444 660 amantes
461 586 629 684 gratiam
646 586 750 661 iniit.

165 686 247 764 Sed
272 685 347 760 diu
372 699 464 760 ante
491 710 615 783 quant
639 686 838 762 Boschius
863 688 1068 787 praeclaro

66 786 145 860 hoc
173 813 298 888 opere
314 787 448 863 Grotii
469 787 664 879 Manibus
690 786 998 885 quodammodo
1020 790 1069 863 li-

68 903 187 977 taret,
228 901 548 962 monumentum
577 903 818 978 exstruens,
860 890 978 986 quale
1004 891 1070 965 vir

65 1012 254 1064 summus
268 989 357 1090 ipse
368 988 448 1061 sibi
462 1013 559 1087 prae
568 988 709 1062 ceteris
726 988 1070 1091 omnibuaoptas·
1188 994 1191 999 ’

63 1105 143 1178 set,
195 1115 306 1163 nova
337 1088 606 1191 Anthologiae
636 1114 799 1190 graecae
831 1089 901 1165 lux
931 1105 1070 1166 exorta

63 1205 148 1265 erat
162 1215 238 1291 per
252 1188 573 1278 Brunclriunr,
595 1191 734 1265 virum
804 1216 896 1267 aece
917 1190 1068 1266 doctis-

64 1293 241 1379 simum,
268 1291 491 1387 multisque
515 1291 709 1391 operibus
784 1292 848 1368 ‘tis
873 1287 924 1366 de
944 1278 1115 1389 bonis)

64 1391 212 1467 litteris
239 1391 534 1469 'immortaliter
568 1392 774 1489 meritum.
831 1390 912 1468 Sed
950 1392 1067 1493 prius

64 1517 189 1589 quam
227 1489 279 1566 da
299 1491 497 1566 Bruncltii
530 1491 576 1567 in
600 1491 889 1593 anthologiam
909 1492 1067 1569 meritis

61 1617 337 1692 exponamus,
388 1591 648 1667 redeundum
672 1605 732 1667 est
747 1593 868 1668 nobis
893 1591 944 1666 ad
962 1591 1069 1667 illud

59 1708 238 1792 tempus,
264 1717 347 1790 quo
371 1692 620 1771 Claudius
639 1694 937 1782 Salmasius,
963 1692 1068 1775 duo·

61 1793 266 1892 deviginti
283 1805 487 1869 'annorum
502 1819 618 1894 puer,
648 1793 721 1869 sed
734 1798 928 1887 jamtum
943 1818 1068 1893 supra

61 1896 274 1995 vulgarem
291 1893 688 1984 modumeruditus,
716 1919 824 1972 enno
850 1900 950 1973 1606
970 1893 1068 1975 Hei·

60 1994 274 2094 delbergae
288 1995 333 2069 in
347 1993 593 2069 bibliotheca
607 1997 785 2071 Palatina
799 1996 972 2072 unicum
984 1997 1069 2074 An-

64 2096 268 2196 thologiae
298 2097 561 2175 Constantini
584 2094 790 2186 codicem,
820 2093 1068 2196 pretiosissi-

64 2221 180 2272 mum
200 2197 313 2286 illius
328 2196 509 2271 thesauri
528 2196 716 2294 κειμήλιον,
748 2196 923 2272 invenit.
971 2200 1066 2300 Quo

61 2298 171 2372 libro
201 2296 326 2371 semel
352 2297 398 2370 in
421 2321 568 2370 manus
591 2311 750 2384 sumto,
777 2320 907 2392 quum
929 2296 1066 2373 statim

57 2398 348 2485 intellexisset,
376 2412 530 2494 quanto
546 2396 652 2471 haec
674 2397 920 2496 Anthologia
943 2398 1090 2471 altera.

58 2513 167 2596 esset
180 2498 362 2586 uberior,
379 2523 475 2572 eum
490 2522 576 2572 non
590 2498 705 2599 prius
721 2497 924 2598 deposuit,
942 2521 1067 2594 quam

57 2615 197 2674 totum
219 2598 470 2673 excussisset.
520 2599 584 2676 Ab
605 2624 656 2673 oo
672 2598 774 2672 inde
786 2613 970 2698 tempore
984 2596 1066 2673 hoo

56 2699 328 2799 Florilegium
350 2696 567 2774 doctorum
588 2698 850 2774 sermonibus
871 2698 1065 2773 celebrari

58 2801 210 2900 coepit.
274 2797 513 2875 Editionem
538 2804 623 2892 ejus
643 2801 887 2900 promiserat
914 2798 1066 2874 Salma-

35 2903 168 2989 sius,
194 2923 329 2999 neque
350 2900 459 2973 ullus
482 2898 569 2976 fere
581 2915 641 2973 est
656 2924 704 2975 ex
727 2905 813 2992 ejus
826 2899 963 2987 libris,
990 2898 1066 2974 ubi

10 3090 14 3095 ,
58 3025 148 3077 non
180 2998 262 3077 hoc
296 3000 548 3101 promissum
569 3001 807 3089 iteraverita
840 3024 986 3075 verum
1014 2999 1063 3080 ab

61 3104 157 3188 alio,
185 3123 270 3198 quo
286 3115 370 3175 erat
385 3098 560 3188 fervore,
589 3099 640 3174 ad
656 3100 769 3174 aliud
783 3123 887 3200 opus
909 3098 1063 3175 delatus

60 3201 335 3304 plurimisque
368 3199 574 3280 districtus
595 3200 804 3276 laboribus
840 3196 965 3275 fidem
994 3199 1064 3272 da·

61 3319 145 3379 tam
190 3326 280 3376 non
320 3301 504 3376 exsolvit.
554 3305 713 3378 Interea
756 3299 1064 3401 pretiosissimis

16 3422 21 3475 ·.
62 3405 141 3478 illis
184 3399 435 3476 membranis
482 3426 555 3501 per
602 3398 951 3480 funestissimum
991 3400 1064 3474 tri·

64 3505 174 3605 ginta
187 3527 394 3579 annorum
414 3500 569 3579 bellum
587 3505 627 3593 a)
653 3506 830 3577 Romam
849 3503 895 3577 in
907 3501 1065 3576 Vatica-

64 3631 159 3679 nam
187 3602 481 3677 bibliothecam
510 3601 672 3690 delatis,
714 3600 826 3676 unde
857 3616 952 3701 post
978 3600 1063 3677 duo

66 3703 511 3820 saepulapervictrices
524 3703 1064 3804 Franco-Gallorumlegio-

65 3831 131 3883 nes
155 3803 337 3883 Parisios
358 3817 455 3879 sunt
476 3803 646 3893 missae,
672 3815 857 3908 excerpta
875 3829 897 3879 a
913 3804 1064 3884 Salma-

95 4058 118 4125 ⁸)
134 4069 208 4110 anuo
226 4050 302 4112 lota.
