2506 4666
152 318 287 393 imm

78 543 80 548 -
153 511 258 578 num
290 488 728 567 commemorationem
763 504 804 567 et
828 489 1154 568 aestimationem

83 600 85 604 ’
153 592 476 691 requisiverant,
527 584 794 666 satisfactum
809 592 943 667 videri
980 607 1155 692 poterat,

184 695 312 782 osito,
336 717 423 791 quo
441 690 686 791 Anthologia
698 692 813 793 prius
829 708 1031 783 caruerat,
1058 692 1156 768 fun-

153 722 347 877 damento
363 790 520 880 solido,
545 793 590 866 in
607 817 712 889 quo,
739 794 812 890 qui
826 794 927 869 huic
947 795 1064 894 operi
1086 811 1157 870 aut

153 891 429 983 illustrando,
447 908 517 971 aut
539 891 765 993 depravatis
788 896 898 971 ineo
918 895 1042 984 locis,
1081 897 1156 993 qui

153 997 327 1098 plurimi
349 1008 466 1083 sunt,
511 993 778 1070 emendandis
812 1016 981 1096 operam
1005 1022 1156 1072 navare

154 1099 305 1187 velint,
332 1096 467 1182 securi
483 1110 524 1174 et
540 1090 795 1197 confidenter
813 1097 984 1199 vestigia
998 1122 1156 1203 ponere

153 1211 342 1300 possunt,
805 1226 808 1234 ·
1015 1234 1017 1238 ·
1124 1235 1131 1247 ·

158 1351 164 1359 ·
187 1418 189 1422 '
253 1403 402 1509 Neque
418 1356 561 1476 'tamen
585 1397 636 1475 ab
658 1371 749 1472 aliis
767 1413 863 1501 post
882 1397 989 1495 hanc
1005 1395 1155 1474 editio·

39 1569 42 1575 .
154 1526 273 1593 nem,
301 1503 340 1585 si
351 1501 400 1576 ub
417 1499 773 1576 emendationibus
792 1502 1005 1578 nonnullis
1022 1501 1156 1576 obiter

153 1588 345 1703 prolatis,
382 1601 808 1702 explicationibusque
834 1600 1026 1678 locorum
1051 1625 1156 1698 quo-

153 1703 330 1795 rundam
345 1701 575 1778 discesseris
589 1706 650 1796 1),
676 1702 880 1803 insignior
896 1704 944 1778 in
965 1703 1038 1776 illo
1061 1704 1156 1777 Flo·

70 1839 75 1853 ·
153 1805 445 1905 rilegio‘opere
461 1805 758 1879 collocataesse
778 1802 953 1887 ridetur.
1005 1804 1156 1880 Obser-

153 1907 339 1989 vationes
353 1906 520 1980 euima
536 1906 627 1979 viro
648 1903 949 1994 eruditissimo,
974 1903 1158 1979 Fride-

59 2047 63 2052 ·
110 2004 132 2070 ἕ
153 2007 263 2085 rico
286 2002 519 2093 Grae‘fio,
543 2006 617 2102 qui
630 2000 723 2079 ante
735 2004 812 2080 hos
829 2004 1068 2102 quindecim
1082 2030 1154 2078 an·

76 2142 78 2146 ·
152 2131 231 2182 nos
252 2106 449 2206 Meleagri
470 2106 651 2181 carmina
675 2106 833 2206 egregie
847 2106 1154 2203 illustravittt),

153 2206 200 2283 in
213 2208 460 2285 universam
482 2207 774 2308 Authologiam
796 2207 1024 2299 institutae,
1064 2233 1156 2283 non

152 2309 484 2408 ultraoctoginta
498 2309 665 2410 paginas
678 2322 991 2409 procurrerunt,
1018 2333 1155 2406 neque

154 2433 246 2509 spes
280 2405 445 2510 affulget
495 2432 560 2495 eas
575 2470 577 2474 .
595 2410 882 2483 continuatum
913 2409 986 2496 iri;
1031 2423 1072 2482 et
1103 2410 1155 2482 in
1194 2442 1196 2447 ·

153 2511 373 2587 Thomas
407 2506 722 2601 Geisfordii,
770 2510 853 2584 viri
883 2509 1155 2599 celeberrimi,

152 2612 289 2688 Poetis
328 2610 586 2700 minoribus,
630 2611 708 2707 qui
734 2624 774 2683 et
802 2610 879 2684 alia
901 2610 1081 2710 plurima
1115 2627 1156 2685 et

152 2713 443 2812 epigrammata
476 2711 598 2786 etiam
629 2710 879 2799 Simonidis,
928 2711 1152 2801 Theocriti,

154 2812 423 2900 Callimachi,
476 2813 653 2887 aliorum
699 2811 1048 2911 complectuntur,
1102 2812 1177 2886 ad·

106 2910 109 2916 ’
154 2914 491 3001 commentarios,
541 2913 604 2988 ibi
635 2917 692 2986 ex‘
715 2910 1155 2990 Animadversionibus

152 3015 304 3091 nostris
328 3013 542 3115 repetitae,
576 3038 706 3113 pauca
722 3027 883 3099 tantum
903 3038 951 3086 ex
970 3016 1153 3113 propriis

154 3115 371 3191 clarissimi
418 3113 586 3189 editoris
633 3113 832 3188 thesauris
885 3129 1152 3191 accesserunt.

140 3220 319 3293 Novam
356 3230 518 3304 autem,
561 3239 663 3311 quae
701 3229 793 3288 ante
808 3213 988 3310 ‘aliquot
1022 3241 1152 3291 annos

154 3316 266 3420 apud
288 3316 624 3406 Teuchnitzium,
665 3315 936 3416 bibliopolam
963 3315 1154 3418 Lipsien-

185 3516 211 3586 ')
232 3515 307 3571 Adde
331 3514 450 3570 euctaria
469 3516 597 3571 nonnulle
614 3512 698 3569 lnecri
716 3514 818 3568 tionum
833 3514 1017 3581 moltherum,
1040 3532 1154 3583 quarum

236 3585 370 3654 insignem
392 3585 496 3654 copiam
516 3584 649 3655 congessit
710 3584 868 3637 elckerus
884 3590 985 3648 nostor,
1016 3585 1064 3651 qni
1084 3602 1154 3654 queo

236 3653 428 3721 epigrammate
445 3652 526 3718 httjue
547 3651 653 3723 generis
673 3648 820 3704 induebat
845 3651 1040 3732 prolationibus
1060 3655 1153 3719 edidit,

235 3720 554 3842 ¹stirpielrlrptittui'tpratlt)irpeasisque
564 3718 758 3776 occasionibus
769 3725 848 3777 aucta
860 3720 1012 3790 propediem
1021 3722 1153 3790 peculiari

276 3805 292 3840 e
446 3826 454 3842 .

186 3916 211 3945 ,ἡ
368 3913 377 3929 0
519 3914 526 3928 Ι
590 3915 598 3930 0
980 3916 988 3931 Ο
1107 3927 1110 3931 .

211 3913 1153 4053 ,tmimifflnnb

235 4050 317 4105 ethdtl
329 4050 481 4106 Fndcricus
492 4051 595 4106 Grecis.
611 4051 728 4123 lipsiae.
744 4051 818 4110 1811.
836 4051 861 4106 8.
