2506 4666
1103 284 1148 333 nt

139 432 181 503 in
197 428 272 501 tali
289 443 552 529 argumento,
581 428 695 529 quod
707 430 896 531 ipsorum
913 435 1074 512 animos
1091 440 1144 517 ad
1190 453 1191 456 ’

142 557 179 605 se
202 530 466 618 advertisset,
508 532 688 607 suaviter
717 548 756 607 et
783 534 997 634 ingeniose
1026 538 1142 613 lude·

139 647 234 708 rent.
289 637 340 709 In
357 630 561 724 ejusmodi
575 633 735 707 lusibus
761 636 882 710 sicuti
896 638 1085 739 princeps
1101 654 1142 721 et

137 734 316 833 genuina
330 733 632 834 epigrammatis
651 733 786 810 formu
811 740 965 812 servari
983 738 1143 831 debuit,

137 837 191 909 sic
213 861 237 909 a
256 835 397 933 prisco
424 849 464 907 et
482 837 664 936 simplici
685 838 883 912 orationis
900 866 1048 939 genere
1067 868 1140 915 ne·-

136 939 310 1010 cessario
328 934 605 1010 recedendum
627 935 718 1012 fuit.
770 937 1011 1015 Ridiculum
1027 944 1140 1019 enim

134 1037 300 1125 fuisset,
330 1037 366 1110 si
388 1038 501 1134 quis,
528 1053 575 1112 ut
596 1044 761 1115 Marcus
783 1040 853 1115 ille
875 1068 896 1114 a
927 1041 986 1117 ud
1000 1044 1139 1119 Lucil·

134 1141 502 1236 liumnostrum*),
530 1140 663 1236 quiin
676 1138 881 1217 honorem
896 1068 984 1231 litii,
1013 1166 1140 1242 quem

133 1264 348 1336 nunquam
369 1239 586 1329 habuerat,
614 1242 905 1342 cenotaphium
928 1248 1138 1334 exstruxit,

135 1358 176 1415 ut
190 1346 384 1434 jejunum
410 1341 453 1420 et
472 1365 639 1417 versum
663 1343 866 1434 allineret,
892 1346 950 1419 ita
971 1345 1018 1419 in
1038 1342 1140 1433 ficto,

132 1442 279 1534 ludens
313 1458 552 1541 argumento
577 1459 647 1517 aut
671 1469 819 1521 verum
848 1461 1138 1547 argumentum

97 1554 102 1563 '
131 1561 342 1640 tamquam
356 1542 540 1619 ludendo
558 1557 744 1634 tractans,
772 1546 885 1621 nulla
897 1544 1137 1625 necessitato

129 1660 323 1745 urgente,
376 1645 426 1717 ab
468 1646 741 1735 ornamentis,
794 1647 944 1745 quibus
985 1672 1136 1747 poema

130 1745 465 1833 commendatur,
491 1760 700 1845 tamquam
715 1773 737 1821 a
752 1773 797 1825 re
816 1749 941 1829 vetita
955 1763 995 1824 et
1008 1750 1136 1829 intere

132 1849 254 1938 dicta,
292 1848 401 1922 ultro
422 1847 700 1924 abstinuisset.
752 1854 801 1924 In
829 1850 978 1925 talibus
1008 1850 1136 1949 igitur:

128 1949 434 2050 epigrammatis
467 1973 598 2044 quum
629 1949 798 2026 uberior
828 1950 890 2027 rei
915 1950 1133 2050 expositio,

131 2052 311 2125 narratio
335 2050 592 2148 explicatior,
628 2052 760 2128 oratio
783 2046 975 2127 floridior
992 2051 1137 2135 locum

132 2153 314 2240 baberet,
343 2165 482 2225 ortum
497 2167 557 2226 est
568 2150 674 2226 illud
688 2174 838 2251 genus,
871 2150 985 2250 quod
1002 2175 1137 2250 quum

125 2249 380 2352 ιῖναθημπικόν
409 2249 543 2332 videri
568 2253 710 2339 vellet,
751 2276 891 2327 revera
921 2249 1137 2339 ἐπιδεικτικὸν,

124 2356 214 2432 fuit.
273 2354 383 2429 Huic
398 2354 555 2451 generi,
585 2353 653 2426 cui
667 2357 750 2446 jam
765 2348 998 2437 Simonides
1015 2350 1136 2427 vide·

123 2475 189 2532 tur
214 2454 487 2557 praelusisse,
528 2454 700 2555 plurimi
721 2468 926 2529 navarimt
954 2478 1131 2553 operam.

121 2567 170 2635 Et
199 2583 339 2655 quum
367 2569 461 2656 post
480 2554 697 2630 Alexandri
716 2554 862 2654 Magni
892 2553 1134 2653 imperium,¹

120 2662 250 2735 rebus
280 2671 507 2763 pertatem
530 2656 739 2731 Graeciam
767 2655 1031 2731 vehementer
1052 2655 1132 2727 im-

121 2758 318 2847 mutatis,
365 2758 503 2857 poesis
537 2781 703 2854 quoque
742 2781 896 2832 novam
931 2753 1132 2852 quodam·

120 2861 258 2939 modo
275 2860 457 2958 speciem
469 2882 710 2955 novumque
727 2858 883 2933 cultum
904 2856 1133 2944 sumsisset,
1195 2878 1199 2885 ·

119 2969 162 3041 in
177 2988 273 3062 quo
294 2959 565 3060 simplicitatis
586 2957 786 3058 quaedam
808 2953 1007 3033 affectatio
1035 2980 1132 3031 cum

121 3056 307 3168 operosa
337 3058 571 3141 eruditione
605 3064 822 3153 conjuncta
853 3072 956 3146 erat,
988 3056 1059 3131 ita
1084 3069 1134 3131 ut

120 3166 251 3244 multi
264 3163 427 3238 curiose
443 3161 612 3236 mallent·
623 3161 740 3256 loqui
754 3185 877 3258 quam
891 3160 1016 3246 bene,
1044 3156 1133 3258 epi·¹

121 3277 354 3371 grammata
380 3277 605 3364 coeperunt
632 3261 777 3350 scribi,
819 3286 923 3359 quae
946 3259 1060 3334 nulla
1085 3281 1133 3332 re

120 3370 257 3471 magis
302 3389 426 3462 quarn
459 3380 542 3438 arte
577 3379 616 3437 et
657 3362 843 3438 doctrina
870 3360 1063 3460 conspici,
1091 3371 1132 3433 et

122 3465 415 3550 commendari
435 3465 598 3540 vellent.
649 3470 760 3540 Inter
780 3464 878 3537 haec
898 3460 1132 3562 principem

120 3578 271 3651 locum
300 3582 412 3641 tenet
441 3565 549 3641 illud
571 3590 719 3667 genus,
761 3562 875 3661 quod
903 3587 1062 3650 rerum,
1107 3585 1132 3633 a

120 3675 293 3778 poetica
315 3669 551 3742 tractatione
573 3664 882 3765 quodammodo
908 3662 1132 3745 abhorren-

121 3781 236 3852 tium
281 3771 402 3867 eique
429 3769 716 3855 renitentium,
758 3767 1132 3840 instrumentorum

120 3874 398 3982 potissimum
415 3871 550 3964 omnis
566 3868 725 3971 generis
743 3869 905 3949 curiosa
919 3888 1132 3941 enumera-

155 4100 764 4180 wsshhsseletbmpdllmpddae
813 4150 817 4155 .
