2506 4666
981 346 1063 401 1111

74 500 224 591 cundo,
281 512 331 577 ut
373 494 566 588 videtur,
618 515 713 603 post
748 501 843 579 Chr.
869 512 872 522 '
898 506 1061 581 saeculo

74 618 252 690 exeunte,
303 605 417 703 turpi
457 603 631 678 consilio
664 630 713 677 ex
739 604 984 705 Meleagri
1021 620 1062 679 et

71 705 296 805 Philippi
330 707 496 779 coronis
527 730 575 778 ea
613 707 828 805 excerpsit,
873 731 976 804 quae
1009 705 1062 781 ad

68 831 286 908 puerorum
307 831 466 880 amores
493 821 740 905 spectarent,
778 809 988 904 multaque
1008 807 1060 882 de

68 910 164 998 suis,
192 907 495 1004 antiquioribus
515 909 597 980 illis
614 907 726 981 haud
739 909 863 1007 paulo
886 905 1062 1009 flagitio-

66 1011 181 1097 siora,
210 1005 440 1083 admiscuit.
493 1014 612 1082 Hunc
629 1010 827 1097 libellum,
856 1035 952 1084 cum
965 1009 1061 1085 Phi·

64 1108 231 1184 laenidis
247 1107 419 1184 fortasse
434 1125 473 1183 et
483 1109 761 1211 Elephantidis
776 1109 945 1186 famosis
963 1136 1061 1210 opes

62 1214 192 1300 ribus,
236 1236 334 1284 cum
365 1211 545 1286 Lusibus
578 1211 795 1311 Priapeiis,
845 1227 887 1285 et
916 1214 1060 1313 paucis

63 1315 149 1386 aliis
165 1312 418 1409 antiquitatis
435 1311 617 1405 ejusdem
639 1311 796 1388 farinae
816 1313 932 1388 libris
949 1339 1061 1389 com·

10 1424 12 1431 '
62 1413 310 1514 parandum,
355 1439 376 1486 a
405 1414 701 1489 recentioribus
727 1429 864 1488 autem
891 1430 932 1489 et
954 1415 1061 1490 chri·

61 1516 198 1589 stianis
209 1513 450 1589 hominibus
461 1514 583 1614 longe
591 1515 1060 1615 longequeturpitudine

59 1632 318 1717 superatum,
360 1622 507 1689 Μοῦσαν
527 1615 684 1715 παιδικὴν
710 1617 931 1735 inscripsit,
956 1642 1059 1712 quae

56 1716 312 1818 propudiosa
328 1716 515 1791 collectio
536 1718 743 1817 periisset,
771 1719 855 1792 nisi
878 1718 1060 1792 christia-

57 1845 135 1893 nus
153 1819 284 1893 homo
302 1822 388 1907 eius
405 1819 556 1907 aetatis,
585 1842 707 1915 quam
723 1818 850 1894 hodie
864 1820 1060 1893 nonnulli

57 1922 178 1995 nobis
194 1935 404 2016 tamquam
420 1919 555 1994 omnis
569 1921 831 2020 incorruptae
846 1921 1059 2020 religionis

58 2021 196 2095 sedem
220 2022 265 2094 in
290 2021 521 2121 exemplum
538 2037 804 2120 proponunt,
847 2046 937 2097 eam
965 2047 1060 2096 cum

64 2122 273 2196 christiani
305 2122 538 2223 argumenti
569 2124 771 2221 poematis
799 2128 1089 2215 conjunctam

59 2239 101 2297 et
114 2220 423 2320 quodammodo
444 2223 787 2297 circumvallatam
803 2239 999 2297 servasset
1007 2228 1059 2318 l).

56 2325 279 2400 Honestius
332 2324 553 2397 consilium
590 2338 753 2397 secutus
801 2324 1060 2423 Diogenes

54 2427 312 2513 Laertius,
339 2426 524 2500 Vitarum
539 2424 890 2526 Philosophorum
905 2441 1059 2515 auctor,

54 2554 103 2602 ea
126 2527 393 2627 potissimum
415 2526 725 2626 epigrammata,
763 2551 866 2623 quae
895 2526 947 2600 ad
967 2527 1061 2627 phi-

52 2628 254 2728 losophos
272 2642 521 2726 spectarent,
557 2628 720 2726 collegit
741 2642 781 2701 et
802 2629 848 2702 in
862 2629 1062 2727 peculiari

52 2731 164 2804 libro
190 2727 388 2803 condidit.
439 2732 608 2824 Deque
632 2729 873 2820 collectione
897 2731 932 2802 si
952 2729 1061 2822 judi·

55 2857 147 2906 care
164 2831 260 2903 licet
277 2855 325 2903 ex
345 2831 410 2917 iis,
439 2854 542 2927 quae
557 2831 764 2931 Diogenes
781 2829 879 2904 inde
894 2832 939 2904 in
956 2832 1060 2906 Vitis

57 2932 269 3018 excitavit,
305 2932 429 3030 longe
452 2932 627 3004 maxima
650 2956 742 3031 pars
766 2936 852 3024 eius
876 2932 1062 3013 contine·

53 3037 176 3108 batur
206 3033 356 3131 ineptis
382 3046 422 3105 et
448 3032 596 3125 jejunis
625 3032 757 3131 ipsius
781 3034 1060 3131 compilatoris

54 3134 295 3237 poematiis,
322 3133 438 3207 vario
460 3148 687 3207 metrorum
713 3158 858 3233 genere
882 3136 1061 3208 conscri-

53 3239 158 3338 ptis,
195 3233 308 3308 unde
330 3249 465 3309 totum
494 3233 600 3307 illud
621 3249 833 3335 syntagma
857 3237 1063 3334 Παμμέτρου

55 3339 178 3413 titulo
203 3335 449 3435 inscriptum
472 3333 562 3410 fuit.

121 3450 132 3473 ’·
156 3437 358 3511 Proximis
382 3438 552 3511 saeculis
579 3436 632 3510 ob
653 3436 845 3510 miseram
874 3437 1063 3514 Graeciae

59 3537 344 3614 conditionem
376 3538 553 3636 aliasque
577 3538 630 3611 ob
658 3562 837 3626 caussas,
874 3562 973 3635 quas
992 3539 1062 3614 hic

59 3664 383 3717 commemorare
416 3640 524 3715 nihil
554 3639 715 3727 attinet,
757 3637 941 3714 studium
962 3666 1063 3741 poe-

85 3843 117 3910 ·)·
134 3840 316 3909 Reperiuntur
337 3838 384 3893 hie
401 3837 460 3891 illie
478 3837 507 3891 in
521 3838 698 3894 Bibliotheele
716 3838 782 3892 h‘bri
801 3837 987 3909 mnusntpti,
1033 3840 1064 3894 ui

137 3908 217 3963 initio
232 3917 260 3961 et
272 3908 469 3961 discretiones
481 3924 584 3974 umes,
600 3924 707 3977 preces,
723 3909 912 3961 counoversias
925 3917 951 3960 et
962 3908 985 3962 ε’
1016 3909 1064 3961 'ie

141 3976 274 4043 efferum,
298 3977 327 4028 ln
347 3974 437 4039 medie
451 3991 481 4025 sn
536 3983 593 4028 erte
611 3982 701 4027 antem
717 3974 802 4044 impie
818 3982 845 4028 et
857 3979 986 4040 obscena3
1020 3994 1064 4029 re-

141 4050 339 4112 praesentantes
353 3994 545 4111 quodamnodo
557 4044 615 4098 Nini
626 4044 712 4097 liliam
725 4061 837 4113 superne
848 4045 1000 4110 ltnmosem,
1016 4045 1063 4097 sed

142 4113 290 4192 caqdide
315 4111 528 4169 succinctam
556 4111 780 4170 latrantibus
801 4111 949 4183 inguine
971 4130 1063 4169 men-

142 4187 234 4236 etna.
