2506 4666
211 319 284 371 nv
395 354 398 359 ψ

187 522 190 530 ·
213 499 303 551 seos
319 471 495 559 refrixit,
525 469 657 550 donec
679 469 846 572 imperii
861 466 958 545 sede
971 468 1214 569 Byzantium

211 577 412 662 translata,
427 575 669 670 Graecisque
675 572 820 646 litteris
832 573 979 647 cumin
993 578 1214 670 Imperato-

211 677 418 766 rumaula,
434 691 524 748 tum
533 676 577 749 in
586 676 674 747 aliis
685 675 808 748 etiam
816 674 926 748 orbis
935 673 1115 749 Romani
1122 698 1213 772 par·

210 780 320 854 tibus
329 803 442 854 novo
457 775 674 878 splendore
684 775 939 869 collustratis,
956 779 1102 851 Musae
1112 786 1213 870 quo·

212 905 292 978 que
309 905 356 956 ex
372 879 451 952 alto
479 877 659 953 duorum
675 875 761 954 fere
783 876 1041 950 saeculorum
1064 899 1213 974 sopore

212 981 377 1058 excitari
394 992 627 1081 coeperunt.
676 976 839 1056 Exstitit
859 992 961 1064 tum,
989 975 1153 1073 quinto,
1169 990 1214 1050 ut

211 1082 393 1175 videtur,
419 1080 579 1155 saeculo
602 1079 794 1169 ineunte,
821 1082 1001 1158 Nonnus
1025 1082 1213 1175 Panopo-

211 1183 382 1272 litanus,
410 1182 475 1256 vir
490 1179 760 1271 admirabilis,
788 1179 862 1275 qui
894 1177 1024 1279 spisso
1049 1178 1214 1278 Diony·

211 1287 418 1362 siacorum
441 1307 583 1384 opere,
617 1305 700 1380 quo
726 1304 894 1357 omnem
923 1278 1215 1353 Bacchicarum

210 1384 444 1466 fabularum
478 1381 723 1482 farraginem
747 1405 848 1457 non
865 1381 1025 1480 optimo
1049 1379 1211 1469 ordine,

210 1501 251 1560 et
276 1484 510 1561 incredibili
532 1484 805 1582 loquacitate,
832 1482 1056 1582 congessit,
1084 1479 1214 1556 docuss

209 1603 398 1662 mentum
423 1585 537 1660 dedit
568 1611 620 1681 ne
644 1581 930 1658 felicissimum
956 1581 1126 1679 quidem
1148 1582 1213 1655 in-

209 1691 378 1790 genium
412 1687 562 1761 saeculi
595 1686 684 1759 vim
719 1680 896 1784 effugere
932 1708 1064 1785 posse.
1133 1682 1214 1759 Sed

209 1789 312 1887 quid
333 1790 379 1862 in
396 1792 553 1864 Nonno
577 1787 629 1860 sit
646 1783 912 1876 laudandum,
935 1784 1037 1881 quid
1049 1783 1213 1884 vitupe-

207 1891 398 1980 randum,
417 1914 505 1965 non
522 1902 582 1962 est
595 1887 718 1980 hujus
734 1886 817 1960 loci
830 1910 1034 1983 quaerere.
1056 1890 1211 1961 Verum

180 2040 183 2044 ·
207 2006 427 2070 restaurata
452 2015 643 2091 pereum
665 2002 706 2060 et
730 1988 946 2088 insigniter
967 1987 1123 2063 exculta
1137 1986 1209 2059 he·

157 2101 160 2106 ’
207 2094 313 2169 roici
341 2115 483 2167 versus
513 2090 729 2189 elegantia,
755 2089 813 2163 ita
835 2103 883 2164 ut
930 2103 1059 2163 raeter
1080 2091 1210 2181 majo·

207 2220 295 2271 rem
329 2194 506 2291 aliquam
536 2192 770 2271 varietatem
809 2115 927 2267 nihii
944 2187 1028 2264 fere
1052 2188 1099 2264 in
1122 2193 1209 2293 ejus

199 2295 537 2372 eonformatione
567 2291 789 2379 desideres,
834 2291 963 2365 exorti
994 2304 1090 2364 sunt
1113 2315 1211 2365 cum

205 2398 251 2472 in
267 2398 435 2472 heroico
451 2419 623 2495 poeseos
641 2417 799 2491 genere,
827 2407 918 2467 tum
934 2392 979 2465 in
998 2391 1086 2464 aliis
1101 2416 1210 2466 non·

205 2499 353 2589 nullis,
380 2510 525 2596 poetae
550 2495 696 2590 aliqui,
732 2492 817 2591 qui,
845 2492 958 2567 viam
973 2493 1121 2569 Nonni
1139 2519 1210 2567 ve·

203 2600 335 2697 stigiis
358 2598 601 2697 impressam
625 2619 772 2693 magna
800 2617 896 2668 eum
919 2594 1120 2670 alacritate
1148 2619 1211 2670 se-

206 2701 318 2788 cuti,
371 2714 527 2772 veteres
570 2694 726 2771 fabulas
760 2692 872 2770 haud
902 2696 1208 2771 contemnendo

205 2824 396 2875 successu
410 2813 660 2873 exornarent
688 2802 739 2874 Et
754 2797 1093 2897 epigrammatum
1105 2822 1208 2893 quo·

206 2927 286 2999 que
307 2916 467 2976 sextum
488 2914 584 2999 post
601 2899 697 2974 Chr.
721 2900 929 2971 saeculum
952 2912 991 2972 et
1013 2898 1207 2980 Iustinia-

203 3003 529 3102 nipotissirnum
548 3015 653 3074 aetas
672 3000 829 3074 laetum
855 3014 1105 3099 proventum
1134 2999 1206 3074 ha-

203 3104 305 3179 buit.
384 3108 474 3178 Hoc
516 3102 628 3176 enim
667 3124 767 3175 aevo
802 3097 945 3175 floruit
991 3094 1204 3178 Marianus

204 3203 496 3291 scholasticus,
543 3204 603 3276 ele
631 3202 788 3275 antium
820 3203 976 3299 aliquot
1005 3202 1206 3302 epigram·

203 3321 360 3381 matum
391 3319 550 3392 auctor,
580 3229 893 3391 cirristodorua
923 3303 1020 3400 qui,
1047 3319 1207 3402 praeter

203 3410 511 3507 epigrammata,
555 3419 777 3480 statuarum
819 3404 1019 3505 Zeuxippi
1055 3403 1207 3478 descri-

202 3509 389 3608 ptionem
404 3505 570 3603 reliquit
590 3506 757 3605 optimis
780 3507 965 3581 versibus
983 3507 1206 3580 concinna·

202 3610 491 3697 tan1,Julianus
515 3607 683 3703 quidam
701 3609 948 3708 cognomine
965 3607 1201 3706 AegyptiuS,

202 3711 351 3785 Paulus
390 3705 566 3805 denique
609 3709 885 3796 SilentiariuS,
931 3707 1203 3784 Macedonius

202 3810 388 3898 Consul,
416 3810 603 3909 Agathias
620 3809 901 3884 scholasticus.
954 3810 1036 3911 Qui
1059 3834 1204 3885 omnes

204 3912 459 4012 optimorum
472 3923 687 4008 poetarum
700 3910 876 3986 lectione
892 3908 1055 3999 imbuti,
1072 3935 1204 4008 quum

204 4010 318 4085 seed
340 4012 629 4111 epigrammata
646 4011 860 4086 scribenda
883 4007 1103 4101 dedissent,
1129 4037 1202 4085 ne·

204 4137 284 4212 que
307 4110 440 4192 ullum
461 4109 559 4187 sere¹
574 4126 861 4214 argumentum
888 4135 1054 4203 eorum,
1096 4134 1200 4212 quae
