2506 4666
208 292 319 349 xxxtt

208 454 367 541 tionem
382 453 564 529 alterum.
616 456 664 528 In
681 463 858 552 utroque
873 477 1019 556 genere
1033 455 1215 532 brevitas

209 556 261 628 tis
287 553 444 629 fuimus
465 578 468 589 ’
488 554 807 656 studiosissimi,
843 557 971 656 magis
998 572 1134 634 autem
1163 559 1210 632 in

210 680 280 745 eo,
308 656 422 753 quod
437 656 483 729 in
506 657 752 731 lectionibus
779 656 1052 750 dijudicandis
1073 682 1210 733 versa·

209 760 334 855 turss).
387 763 475 832 Hoc
498 759 608 832 enim
631 782 757 857 genus
784 783 914 855 quum
936 760 1134 859 plurimas
1156 761 1209 834 il·

208 859 385 933 lecebras
410 858 573 947 habeat,
610 855 839 947 cavendum
865 874 943 949 est,
977 885 1030 934 ne
1051 860 1208 936 tirones

209 983 258 1035 eo
284 987 305 1033 a
320 961 441 1034 rebus
458 970 506 1051 et,
519 960 750 1048 sententiis,
783 975 952 1061 propter
970 977 1077 1058 ¹quas
1096 976 1213 1037 vete-⁶

207 1082 271 1135 res
294 1063 505 1162 leguntur,
550 1063 758 1150 abstracti,
799 1059 845 1141 in
868 1063 992 1136 variis
1019 1062 1208 1138 lectioni·

207 1161 306 1250 bus,
360 1164 602 1255 conjecturis
644 1177 684 1246 et
723 1160 1079 1237 emendationibus
1111 1163 1215 1239 hae·'

196 1278 342 1352 ream,
369 1263 481 1339 haud
496 1262 700 1337 absimiles
724 1263 795 1352 iis,
833 1265 963 1360 quiin
986 1261 1207 1364 magnifico

208 1364 344 1461 aliquo
367 1367 520 1465 templo
547 1367 679 1439 aliove
700 1366 910 1439 vetustatis
933 1381 1213 1440 monumento·

206 1467 441 1540 nonztotius
471 1463 647 1565 aedificii
668 1465 860 1554 modum,
896 1467 1076 1565 partium
1108 1490 1208 1541 con·¹

111 1564 115 1571 ’
207 1569 372 1641 cinnam
388 1568 754 1667 compositionem,
782 1565 1214 1642 ornamentorum-de·

204 1668 356 1757 lectum
373 1684 411 1742 et
428 1668 743 1767 dispositionem
760 1670 1105 1768 contemplentur,
1134 1667 1209 1743 sed

168 1804 171 1810 ·
205 1769 452 1869 inpartibus
474 1773 923 1868 temporeet'vetustate
946 1765 1112 1858 affectis,
1136 1783 1208 1843 aut

203 1871 249 1944 in
272 1870 521 1957 lichenibus,
551 1871 624 1966 qui
655 1868 760 1946 forte
794 1870 1068 1959 adhaeserint,
1106 1895 1224 1946 con-1

203 1971 448 2071 templandis
473 1971 596 2044 uarice
620 1971 817 2045 laborent
870 1972 1039 2047 Criticas
1065 1972 1206 2068 itaque
1243 2054 1247 2067 Ι

203 2075 365 2147 notulas
391 2073 442 2146 iis
468 2086 628 2146 tantum
653 2073 754 2159 locis
782 2072 1013 2162 allevimus,
1040 2073 1094 2155 in.
1109 2073 1247 2172 qui-'5

202 2175 279 2248 bus
315 2172 470 2272 aliquid
503 2172 743 2249 novandum
779 2189 905 2262 esset,
940 2188 1009 2247 aut
1028 2173 1116 2247 ,ubi
1146 2172 1242 2247 lex.

204 2277 284 2350 ctio
311 2300 398 2350 non
424 2276 518 2349 satis
544 2275 753 2362 videretur
779 2290 902 2362 certa,
929 2289 998 2347 aut
1024 2273 1247 2372 denique'·

137 2433 141 2443 .
202 2378 277 2450 ubi
316 2377 566 2452 membranis
603 2377 753 2451 relictis
794 2377 1026 2474 probabiles
1067 2391 1218 2450 corre·'

204 2479 358 2552 ctiones
376 2479 542 2551 intextu
554 2476 765 2576 ponendas
784 2478 1117 2575 existimaremus.
1153 2481 1206 2552 In

201 2580 535 2680 interpretatione
580 2602 670 2650 eam
715 2578 825 2657 viam
870 2592 1007 2652 tenere
1040 2576 1217 2650 studui·¹

200 2706 307 2769 muS,
335 2706 438 2786 quae
459 2694 498 2752 et
515 2705 537 2751 a
552 2683 687 2771 jejuna
712 2679 931 2765 sterilitate,
961 2694 1000 2752 et
1025 2678 1073 2750 ab
1097 2674 1204 2752 effu·

129 2804 132 2808 ’
201 2808 244 2858 sa
269 2782 512 2878 loquacitate
530 2804 655 2877 aeque
680 2779 846 2855 reducta
873 2793 988 2868 esset,
1015 2779 1095 2853 hoc
1120 2779 1203 2852 im·

201 2885 348 2987 primis
386 2897 591 2970 curantes,
615 2905 671 2962 ‚ne
697 2880 921 2979 quidquam
946 2882 1207 2980 praetermis

231 3067 255 3134 ⁸)
272 3065 382 3118 Secutus
395 3078 453 3113 sum
466 3062 492 3113 in
509 3062 561 3113 hac
572 3078 601 3112 re
616 3065 791 3128 praeceptum,
804 3060 875 3128 quod
885 3057 961 3112 nobis
978 3058 1029 3128 ipsi
1044 3058 1201 3127 scripsimus

264 3131 292 3186 ln
310 3137 450 3198 conspectu
466 3130 649 3182 bibliothecae
671 3127 765 3196 Seript.
786 3142 942 3197 graecorum
960 3126 1110 3180 aderitum
1134 3129 1202 3184 anui

265 3200 351 3256 xxtv
374 3197 484 3251 emissor
513 3197 561 3249 »si
583 3197 645 3264 quid
669 3196 697 3248 in
717 3203 824 3249 nostrae
844 3194 966 3248 editionis
982 3203 1053 3249 textu
1069 3204 1205 3251 novatum

265 3269 331 3333 seit,
357 3267 384 3319 id
406 3267 434 3318 in
458 3266 557 3318 brevi
583 3264 767 3329 assectatione,
788 3264 832 3316 cai
856 3265 931 3316 locus
952 3263 1022 3317 inter
1047 3270 1147 3316 textum
1171 3272 1201 3319 et

265 3335 501 3389 »commentarium
517 3333 630 3398 dabitur,
649 3331 867 3401 significabimus.
900 3333 1041 3385 Praeterea
1057 3339 1146 3384 autem
1158 3334 1200 3385 le-

264 3405 381 3459 »etioues
398 3403 593 3470 discrepantes,
610 3418 678 3468 quae
695 3402 800 3467 quidem
817 3401 1004 3452 memorabiles
1021 3400 1089 3464 sint,
1106 3407 1140 3452 et
1156 3402 1198 3454 ad

263 3495 277 3522 a
286 3488 420 3525 sensum
436 3471 583 3533 faciant,
600 3469 754 3521 extantibus
767 3469 821 3520 suis
831 3469 923 3520 eodem
933 3469 992 3520 loco
1005 3484 1198 3523 commemora·

263 3545 392 3602 »boatum
417 3551 502 3606 neque
524 3537 695 3602 conjecturis,
724 3537 747 3589 si
770 3554 837 3603 quae
864 3537 1011 3589 oderantur
1031 3536 1196 3604 probabiles,

262 3612 353 3662 »locus
370 3604 409 3660 ibi
425 3607 623 3676 denegabitur«
658 3605 761 3672 Quibus
777 3604 866 3656 verbis
881 3605 934 3656 hoc
945 3604 1085 3673 praecipue
1100 3621 1196 3658 cavere

260 3678 407 3738 voluimus,
424 3692 457 3726 ne
475 3677 591 3744 legentes
608 3675 744 3726 variarum
768 3673 910 3724 lectionum
927 3672 1023 3740 copiis,
1048 3690 1116 3740 quae
1133 3674 1195 3726 lau·
1239 3716 1244 3721 .

261 3746 359 3807 dabili,
375 3744 443 3811 quod
461 3761 529 3794 nunc
546 3758 607 3794 cum
622 3740 737 3795 maxime
753 3742 850 3805 fervet,
874 3741 961 3792 studio
985 3748 1085 3793 veteres
1108 3741 1193 3794 libros

261 3812 409 3866 excutienti
433 3812 591 3864 immensum
612 3810 641 3863 in
663 3809 771 3863 modum
787 3818 920 3871 crescant,
945 3810 1104 3873 obruantur,
1127 3810 1193 3862 scri-

260 3889 416 3951 ptorumque
431 3880 548 3948 ipsorum
573 3895 669 3946 opera,
692 3884 827 3944 tamquam
849 3876 1014 3929 Archimedis
1036 3894 1192 3930 mouumen-

259 3960 332 4015 tum,
355 3948 479 4018 vepribus
496 3953 575 4017 atque
591 3947 704 4002 dumetis
720 3946 815 4002 restite
836 3944 975 4001 heminam
992 3945 1075 4001 acuta
1091 3947 1192 4002 subdu·

256 4027 358 4074 eantur.
