2506 4666
120 347 207 397 xxll

123 504 186 579 sio
208 489 311 576 facta
337 487 486 601 cupide
507 498 818 600 expetebantur,
844 512 886 574 et
906 527 932 574 a
957 493 1127 598 quibus-

124 604 219 682 dam
235 602 494 703 descripta-in
509 603 736 675 multorum
749 625 896 675 manus
912 617 1129 676 venerunt,

123 708 183 783 Ex
203 701 445 796 hujusmodi
459 702 721 802 apographis,
749 702 912 777 vitiosis
935 703 1016 776 illis
1040 704 1127 804 ple·

123 804 1131 904 rumqueetinterpolatis,superioresaeculoquae.

124 905 221 983 dam
251 906 398 998 veteris
423 904 547 978 illius.
563 905 833 1004 Anthologiae
856 907 985 1006 capita
1015 904 1130 978 cultu

85 1044 88 1050 ·
123 1008 368 1110 plerumque
398 1030 546 1106 parum
572 1005 764 1104 eleganti,
797 1031 932 1103 neque
954 1030 1019 1092 ea,
1048 1026 1131 1101 qua

119 1135 198 1209 par
215 1122 310 1196 erat,
330 1105 539 1206 diligentia
554 1107 598 1180 in
606 1106 742 1183 lucem
757 1123 948 1207 protrusa
964 1120 1061 1179 sunt
1069 1108 1128 1203 ti),

123 1211 330 1310 integrum
361 1230 479 1307 opus,
513 1208 646 1304 liceta
674 1208 864 1307 pluribus
893 1221 1132 1308 susceptum

125 1324 166 1385 et
179 1309 432 1410 promissum
449 1311 534 1404 tt),
561 1309 702 1382 nescio
729 1334 808 1406 qua
831 1308 999 1384 fortuna
1023 1331 1131 1380 sem-

124 1435 199 1512 per
219 1412 326 1485 intra
346 1409 688 1498 bibliothecarum
720 1411 890 1484 claustra
922 1423 1132 1506 retentum

125 1526 196 1597 est.
262 1510 447 1586 Tandem
483 1508 774 1585 Brunctius
806 1510 918 1586 felici
947 1507 1131 1606 quodam

120 1636 241 1700 casu,
278 1636 408 1708 quum
431 1615 512 1698 iam
537 1611 702 1684 virilem
726 1627 895 1700 aetatem
918 1611 1128 1710 attigisset,

123 1713 231 1788 inter
246 1713 358 1812 ipsos
374 1711 473 1795 belli
487 1711 696 1785 Borussici
715 1714 938 1801 tumultuS,
954 1754 956 1759 ·
975 1711 1130 1811 graecis

123 1813 269 1888 litteris
284 1812 487 1900 admotus
513 1812 584 1886 vix
599 1803 929 1913 elimpidissimis
940 1811 1022 1885 illis
1034 1809 1131 1886 fon·

97 1916 100 1929 ’
122 1914 234 1988 tibus
251 1926 508 2013 gustaverat,
526 1936 656 2009 quum
672 1914 863 1991 incredili
878 1911 1023 1986 ardore
1040 1911 1129 1987 dies

122 2029 346 2111 noctesque
358 2014 580 2087 hocunum
588 2029 732 2112 ageret,
748 2015 913 2089 utsitim
925 2011 1128 2112 gustando

123 2115 461 2214 excitatamlargis
469 2113 683 2188 haustibus
698 2117 824 2190 restin
883 2129 976 2189 eret.
1007 2118 1131 2188 Forte

121 2216 169 2291 in
185 2220 273 2309 ejus·
288 2240 434 2290 manus
461 2216 691 2315 apographa
715 2141 912 2314 quaeddm
929 2215 1131 2290 Antholo-

122 2317 212 2419 giae
246 2316 424 2390 ineditae
462 2316 701 2391 inciderant.
760 2323 860 2393 Non
900 2316 1129 2415 ignorabat,

123 2430 277 2514 quanto
293 2416 497 2490 desiderio
515 2416 595 2489 hoc
612 2440 716 2516 opus
733 2442 808 2517 per
822 2431 883 2490 tot
898 2423 978 2510 jam
998 2442 1129 2491 annos

122 2531 389 2618 expeteretur,
414 2530 591 2615 etquam
609 2541 727 2615 saepe
744 2542 834 2617 spes
853 2517 904 2591 de
923 2543 971 2591 co
990 2519 1131 2592 conci-

122 2632 203 2694 tata
216 2616 568 2704 cecidissetirrita3
594 2618 1130 2712 quareilludmaximejudi·

88 2777 90 2780 ι
123 2718 463 2805 'cabatidoneum,
485 2717 1030 2792 undenominisillustrandi
1043 2746 1130 2793 me-

120 2818 322 2916 rendique
339 2817 389 2892 de
406 2819 550 2891 litteris
569 2821 799 2919 auspicium
815 2817 974 2894 faceret.
1005 2819 1131 2922 Quod

122 2922 344 2995 consilium
360 2920 416 2992 ita
443 2932 654 2993 exsecutus
679 2935 758 3008 est,
793 2935 840 2994 ut
861 2945 1130 3017 quaecunque

121 3023 412 3121 epigrammata
430 3045 525 3093 cum
543 3045 590 3093 ex
606 3021 792 3094 Salmasii
809 3021 1019 3120 excerptis,
1038 3035 1131 3096 tum

121 3147 171 3197 ex
185 3120 608 3220 PlanudisFlorilegio
627 3122 798 3217 aliisque
814 3146 862 3195 ex
875 3122 992 3195 libris
1011 3136 1049 3195 et
1064 3123 1138 3196 in·'

122 3221 416 3322 scriptionibus
435 3221 681 3309 corrasisset,
699 3247 744 3294 ea
762 3223 903 3295 omnia
920 3218 971 3295 ad
988 3237 1128 3297 auoto-

121 3348 186 3399 res
203 3347 300 3398 suos
316 3323 452 3410 relata,
482 3346 577 3396 cum
601 3323 815 3396 nonnullis
830 3322 932 3410 aliis,
961 3323 1127 3417 Solone,

151 3573 176 3642 ')
192 3574 266 3627 Bono
278 3576 366 3625 tamon
379 3588 432 3623 non
445 3587 497 3622 uuo
512 3569 619 3622 nomino
628 3570 661 3622 tle
675 3569 837 3640 anthologia
849 3569 1130 3638 morulchislrius,

223 3642 232 3692 i
249 3649 350 3709 partem
368 3640 424 3691 τῶν
446 3635 584 3761 &gutturis
601 3638 630 3689 in
649 3639 827 3692 miscellaneis
851 3637 1032 3706 lipsiensibus
1054 3640 1130 3693 novis

186 3710 364 3828 cillaiiliiio
372 3705 471 3840 ididit,
488 3774 579 3826 multis
591 3774 753 3841 eruditisque
767 3773 996 3826 observationibus
1009 3775 1129 3842 utljcctis,

184 3842 279 3896 notitia
291 3841 449 3911 praesertim
469 3850 625 3910 postuma,
641 3842 726 3894 bonno
739 3843 824 3911 frugis
841 3841 1001 3910 plenissima.

175 3936 367 4071 iiiiii?
387 3951 606 4120 ltt¹lj.'5tttss
617 3933 1130 4077 'tlttlt,llttlllffllll¹⁰1³3lt55

183 4069 275 4136 jonam
288 4069 423 4139 urigrarit.
440 4068 472 4120 l'i
491 4107 497 4121 .
525 4071 658 4139 Wyttonb.
671 4070 743 4124 Bibl.
754 4086 790 4122 cr.
810 4068 867 4121 tol.
877 4070 925 4123 lll.
942 4068 968 4122 8.
986 4087 1011 4138 p.
1025 4070 1083 4124 160.
1091 4093 1128 4130 ss.

477 3706 553 3758 sindo
566 3712 687 3772 excerpta
702 3724 734 3758 cx
747 3708 811 3775 Cap.
823 3707 854 3760 V.
867 3707 912 3758 VI.
930 3713 956 3758 et
970 3708 1026 3759 VII.
1044 3707 1072 3758 in
1083 3707 1130 3776 po·
