2506 4666
154 311 207 361 XX
1011 268 1023 325 i

153 459 326 564 pretatio
342 457 416 535 diu
439 456 484 533 in
499 454 842 532 bibliothecarum
864 459 1041 534 tenebris
1060 460 1157 536 late-

155 568 238 650 ret,
273 558 404 636 donec
428 585 542 634 exem
571 556 630 631 lar
656 563 740 651 ejus
771 585 819 633 ex
840 559 1087 635 bibliotheca
1113 569 1157 639 P.

155 662 381 738 Burmanni
399 586 577 736 Secundi
598 663 657 753 l),
687 659 759 753 qui
787 659 966 758 plurima
996 660 1094 736 inde
1112 665 1160 738 in

76 828 81 834 .
156 759 473 840 Commentariis
507 762 592 833 suis
621 760 827 854 excitavit,
869 759 921 835 ad
953 764 1160 863 Hierony·

155 888 271 938 mum
283 861 486 949 deBosch,
501 863 641 936 virum
650 861 878 934 cumtotius
890 865 1156 959 antiquitatis

156 981 245 1061 tum
261 965 408 1038 latinae
417 962 801 1062 imprimispoeseos
815 964 1156 1054 amantissimum,

156 1058 336 1140 delatum
366 1065 455 1136 talis
491 1061 708 1148 editionis,
750 1063 912 1158 qualem
948 1065 1158 1139 Grotius

154 1177 291 1240 mente
312 1177 562 1263 conceperat,
580 1162 800 1236 consilium
816 1180 984 1263 pareret.
1013 1167 1167 1241 Prodi-.

155 1269 189 1343 it
214 1265 313 1340 haee
335 1264 490 1353 editio,
532 1263 743 1364 spectabili
771 1260 929 1340 formae
953 1268 1167 1366 magnitu-.

157 1357 272 1454 dine,
301 1367 528 1440 chartarum
551 1365 706 1452 nitore,
741 1378 939 1465 typorum
961 1364 1159 1468 elegantia

157 1467 287 1544 oculis
303 1483 345 1540 se
359 1481 455 1567 prae
472 1465 611 1540 multis
629 1463 716 1538 aliis
736 1461 1040 1556 commendans,
1057 1468 1159 1543 inde

68 1604 75 1631 s
157 1564 206 1644 a'b
243 1591 351 1642 anno
388 1568 487 1647 1795
518 1565 648 1639 tribus
674 1565 985 1657 Voluminibus,
1021 1585 1159 1645 totum

155 1668 385 1746 Planudeae
406 1665 672 1764 Florilegium
692 1690 787 1739 cum
817 1669 1027 1746 Mantissis
1050 1695 1158 1745 non.

42 1792 45 1800 ·
154 1769 279 1843 nullis
311 1765 687 1867 praestantissimis,
727 1769 868 1842 omnia
896 1795 991 1844 cum
1023 1772 1168 1856 Grotii,

152 1866 486 1969 interpretatione
505 1891 647 1967 graeco
664 1869 792 1942 textui
808 1892 829 1942 e
843 1872 1010 1969 regione
1023 1874 1158 1973 posita

154 1968 531 2070 complectentibus.
591 1968 664 2042 His
705 1968 908 2061 adjectum
947 1988 1006 2047 est
1045 1999 1155 2047 anno

155 2073 255 2149 1810
280 2083 469 2167 quartum
487 2067 710 2157 Volumen,
737 2069 863 2166 quod,
886 2088 1044 2171 praeter
1067 2076 1157 2148 ine-

83 2239 87 2246 ,
154 2171 257 2246 ditas
290 2166 552 2245 Friderici
586 2169 850 2271 Sylburgii
885 2188 924 2246 et
950 2173 1158 2250 Claudii

154 2267 395 2363 'salmasii
415 2284 553 2359 notas,
580 2269 748 2345 editoris
773 2277 1156 2350 commentarios'in

151 2371 307 2447 librum
321 2376 350 2447 1.
376 2385 416 2444 et
436 2375 486 2446 11.
513 2373 713 2459 continet;
741 2373 885 2469 quinto
909 2399 961 2449 ne
985 2377 1156 2452 inchoa·

152 2489 244 2547 tum
277 2492 382 2571 opus
417 2470 643 2544 absolveret
671 2473 736 2545 vir
768 2477 1154 2574 praestantissimus,

151 2586 285 2648 morte
305 2586 366 2646 est
385 2569 639 2670 prohibituS,
675 2593 778 2667 quae
802 2598 898 2648 eum
920 2601 1028 2652 anno
1054 2586 1153 2659 1811

152 2674 238 2747 Kal.
262 2673 393 2756 Juniis
410 2696 550 2745 senem
573 2676 926 2772 septuagenarium
954 2678 1095 2755 amicis
1114 2695 1166 2755 et·

147 2768 295 2848 litteris
314 2772 477 2872 eripuit.
537 2771 617 2848 Sed
641 2771 763 2848 telam
789 2800 811 2848 a
836 2777 1012 2853 Boschio
1037 2805 1165 2856 exon.

151 2900 250 2963 sam,
267 2898 319 2949 ne
333 2869 621 2975 imperfectum
638 2875 936 2972 relinqueretur
959 2898 1165 2979 opuS,ut-.

151 2975 389 3074 quepietati
413 2979 517 3073 erga·
526 2972 768 3049 defunctum
784 2964 1012 3067 satisfieret,
1042 2981 1163 3056 dete·.

150 3077 238 3150 xuit
258 3076 323 3150 vir
351 3073 671 3163 eruditissimus,
716 3077 854 3151 David
876 3081 1047 3161 Iacobus
1070 3109 1152 3159 van

148 3181 338 3276 Lennep‚
377 3175 467 3273 qui,
501 3175 574 3263 iis,
611 3201 713 3272 quae
742 3176 793 3251 ad
827 3178 908 3254 hoc
937 3184 1151 3283 negotium

150 3275 282 3351 adhuc
302 3272 506 3364 deessent,
545 3277 694 3376 partim
717 3303 765 3352 ex
785 3279 951 3356 Roschii
974 3284 1148 3375 schediS,

116 3413 128 3453 t
148 3379 297 3478 partim
305 3402 354 3451 ex
370 3401 442 3451 sua
455 3375 586 3478 ipsius
601 3380 714 3478 penu
722 3378 1047 3474 instructissima,
1065 3411 1150 3460 una

150 3503 246 3553 cum
269 3477 479 3553 lodicibus
508 3477 761 3568 utilissimis,
807 3481 990 3574 adjectis,
1035 3486 1148 3562 edito

149 3585 372 3675 ann01822
395 3579 567 3678 quinto,
596 3579 709 3677 quod
726 3580 1045 3677 desiderabatur,
1073 3613 1150 3664 vo-

177 3828 202 3893 ⁸)
218 3827 259 3880 lle
279 3826 331 3880 boe
347 3826 436 3910 operi·
460 3826 677 3912 praestantissimi
694 3831 837 3900 exemplari
856 3833 969 3902 allisque
989 3836 1148 3905 quibusdam

208 3897 368 3982 appgraphn
397 3904 519 3950 acernum
547 3899 654 3951 tradidit
675 3899 838 3957 Glmrden
855 3902 895 3956 da
908 3903 950 3960 la
966 3906 1148 3964 nanneno

207 3963 353 4034 Maranga.
375 3963 494 4019 Tenea
513 3983 538 4034 p.
551 3965 612 4019 372.
629 3984 664 4023 ra.
