2506 4666
204 318 272 399 xn-
324 312 328 325 ·

204 487 456 579 syntagmata
498 477 756 578 compilata·‚·
787 501 864 552 nec
896 497 1026 578 pauca
1057 502 1105 553 ex
1138 479 1208 568 iis,

137 630 141 635 -
202 578 555 679 fortasseoptima
581 603 768 676 quaeque.
788 585 827 652 et
846 580 1208 678 praestantissima,

205 681 258 754 ad
273 707 350 756 nos
368 682 523 756 servata
545 694 584 754 et
597 695 817 780 propagata
837 705 934 756 esse.
990 684 1098 775 Cum
1120 707 1208 754 ma·

203 809 285 882 gno
303 784 415 856 enim
429 783 654 855 litterarum
670 782 948 857 emolumento
961 780 1116 856 factum
1131 797 1209 870 est,

203 899 250 956 ut
271 885 432 958 saeculo
466 880 551 957 fere
584 882 917 958 antechristum
949 885 1207 982 Meleagen

204 986 520 1072 Gadarenus,
547 985 613 1057 vir
625 984 864 1083 ingeniosus
888 1010 964 1058 nec
980 1000 1102 1083 poeta
1118 1010 1207 1058 me«.

204 1086 376 1175 diocris‚
411 1111 459 1161 ex
491 1085 657 1184 optimis
684 1086 819 1158 omnis
842 1087 932 1160 aevi
960 1087 1093 1185 poetis
1117 1087 1210 1185 epi«⁴

202 1201 424 1288 grammata
451 1185 644 1286 deligeret
674 1201 792 1281 atque
814 1187 859 1260 in
888 1212 1022 1260 unum
1053 1212 1208 1286 corpus

203 1286 418 1378 conflaret,
464 1288 532 1362 cui
552 1285 721 1380 στεφάνου
743 1288 829 1361 sive
856 1312 976 1363 coro
990 1314 1079 1362 nae
1105 1291 1204 1362 titu-

200 1391 290 1464 lum
318 1388 424 1491 fecit.
476 1393 564 1462 Hoc
595 1388 785 1488 elegantis
816 1389 1042 1462 industriae
1068 1415 1205 1462 exem·

200 1492 318 1590 plum
344 1504 509 1565 centum
534 1490 651 1563 annis
680 1504 775 1588 post
794 1490 975 1563 imitatus
1000 1506 1060 1565 est
1083 1491 1204 1566 Phi-

200 1593 375 1692 lippus
402 1591 913 1680 Thessalonicensis,
938 1593 1026 1687 'qui
1052 1593 1204 1690 etipse

201 1719 244 1767 se
261 1696 307 1768 in
323 1693 653 1792 epigrammatico
676 1716 821 1791 genere
840 1717 935 1765 cum
949 1691 1072 1766 laude
1091 1718 1204 1768 exere·

201 1796 305 1883 cuit,
332 1819 486 1868 novam
505 1819 553 1868 ex
565 1794 720 1892 poetis,
749 1793 821 1889 qui
835 1808 929 1891 post
946 1795 1202 1893 Meleagrum

199 1896 500 1996 epigrammatis
516 1893 741 1968 scribendis
759 1919 925 1993 operam
937 1894 1199 1985 navaverant‚

201 2000 412 2073 Coronam
427 2010 665 2071 contexens·
707 2000 886 2091 Uterque
911 1998 1202 2095 epigrammata·

197 2099 244 2172 in
270 2097 459 2173 ordinem
482 2111 641 2196 recepta
664 2096 893 2171 secundum
916 2098 1035 2172 initia
1060 2097 1202 2197 dispo·⁴

199 2199 304 2288 suit,
340 2201 396 2273 ita
417 2212 465 2271 ut
484 2199 712 2271 litterarum
736 2197 926 2272 ordinem
947 2215 1202 2295 sequeretura

200 2305 314 2393 cujus
348 2299 506 2374 ordinis
535 2297 751 2373 manifesta
775 2315 995 2398 supersunt
1015 2302 1200 2400 vestigia.

81 2416 84 2423 '
197 2406 261 2478 An
275 2402 472 2500 temporis
490 2424 655 2496 quoque
672 2402 856 2474 etaetatis
870 2416 1100 2501 poetarum,
1128 2417 1203 2474 aut

198 2515 535 2601 argumentorum
568 2499 851 2574 similitudinis
887 2501 1024 2575 habita
1066 2503 1119 2576 sit
1151 2503 1199 2577 in

198 2600 458 2703 disponendo
476 2601 601 2690 ratio,
628 2626 741 2675 nunc
760 2601 927 2697 quidem
943 2605 1202 2702 ignoramus*

196 2729 331 2800 neque
354 2719 490 2776 tamen
512 2703 725 2801 probabile
747 2717 816 2777 est.
871 2707 1064 2780 Ceterum
1085 2719 1200 2778 uter-.

198 2830 277 2902 que
294 2804 579 2880 collectionem
594 2827 710 2877 suam
726 2805 954 2903 auspicatus
972 2820 1033 2895 est
1045 2831 1198 2904 prooe-

195 2908 304 2995 mio,
331 2908 378 2981 in
404 2927 508 3003 quo,
537 2904 652 3002 quod
678 2908 865 2981 Coronae
890 2932 1044 2983 nomen
1069 2921 1108 2980 et
1133 2933 1198 2980 ra-

195 3009 255 3083 tio
279 3005 588 3104 quodammodo
605 3006 854 3105 postulabat,
882 3009 1034 3108 singuli
1050 3024 1199 3106 poetae

196 3134 291 3182 cum
308 3109 478 3208 singulis
496 3104 669 3182 floribus
683 3109 884 3206 plantisve
894 3125 1195 3210 comparantur.

293 3214 350 3284 Ac
371 3211 417 3282 hi
440 3208 608 3306 quidem
621 3210 936 3309 Florilegiorum
959 3209 1198 3286 conditores

195 3311 471 3407 antiquissimi
486 3311 591 3383 nulli
600 3312 937 3410 epigrammatum
946 3312 1087 3412 generi
1096 3337 1196 3410 prae

196 3413 336 3484 ceteris
360 3408 529 3499 favisse,
564 3413 725 3485 nullum
751 3411 802 3487 de
827 3416 991 3489 coronis
1015 3413 1101 3487 suis
1126 3438 1199 3486 ex-·

195 3514 362 3586 clusisse
395 3512 609 3602 videntur3
658 3512 731 3586 sed
769 3538 1037 3611 quaecunque
1070 3513 1194 3612 digna

195 3615 466 3701 censuissent,
494 3629 541 3688 ut
556 3614 764 3714 aposteris
779 3616 1021 3717 legerentur,
1041 3640 1086 3687 ea
1102 3617 1193 3690 sine

194 3716 424 3813 argumenti
439 3713 675 3789 discrimine
691 3714 990 3817 adoptaverant.
1045 3722 1193 3792 Postea

193 3830 330 3889 autem
351 3817 480 3890 secuti
504 3831 619 3905 sunt,
653 3818 744 3913 qui,
779 3819 1008 3920 argumenti
1031 3818 1191 3892 ratione

191 3917 347 4004 habita,
390 3917 728 4016 epigrammatum
763 3919 943 3995 facerent
975 3918 1190 3994 delectum.

192 4023 354 4092 Horum
374 4042 503 4107 unus,
538 4021 701 4094 Strato
729 4021 1029 4108 Sardianus‚‘
1058 4020 1193 4095 homo

192 4119 380 4218 nequiter
393 4119 655 4222 ingeniosus,
682 4119 754 4196 sed
766 4138 887 4227 poeta
908 4123 1092 4224 elegans,
1127 4145 1190 4198 se·
