2506 4666
994 286 1065 340 XIX

61 457 165 540 qnae
195 441 437 515 incensum
463 441 605 516 venire
622 439 777 542 ‘possit‘
838 441 1066 541 Bed'qu'um

63 542 216 619 eruditi
241 540 409 638 quidam
438 541 647 630 homines,
684 544 756 639 qui
778 567 940 641 graecae
965 570 1064 644 poe-

62 669 151 718 seos
167 641 351 716 studium
362 668 457 716 cum
466 645 599 718 Musis
610 643 744 717 latinis
756 649 1063 735 coniunxerant,

62 747 352 844 epigrammata
376 743 489 818 haud
509 768 660 844 pauca,
680 743 866 818 ludentes
883 746 1070 846 plerumq

61 871 140 944 que
167 859 208 917 et
231 844 344 917 aliud
367 859 546 944 agentes,
574 846 620 918 in
635 845 809 919 latinum
831 871 1064 921 sermonem

59 946 296 1033 vertissent,
325 971 411 1019 non
428 971 571 1019 omnes
589 943 963 1038 eodemsuccessu,
992 946 1065 1023 sed

57 1048 183 1122 multi
208 1047 302 1119 satis
326 1047 591 1144 probabiliter
614 1050 674 1141 ⁹⁶),
716 1046 877 1122 saeculo
902 1046 1062 1125 decimo

58 1149 236 1248 septimo
265 1148 416 1221 exstitit
441 1152 580 1246 Hugo
616 1149 845 1237 Grotius,
879 1150 945 1222 vir
982 1151 1066 1223 exi·

55 1251 190 1337 mius‚
225 1261 264 1322 et
292 1248 337 1320 in
357 1249 430 1322 illo
457 1271 622 1346 quoque
650 1249 833 1339 saeculo,
859 1249 1065 1324 nobilium

61 1349 326 1450 ingeniorum
342 1346 613 1438 feracissim0‚
643 1351 818 1449 apaucis
837 1366 1061 1449 superatus,

61 1454 133 1548 qui
148 1465 245 1549 post
268 1451 425 1550 eclogas
441 1451 620 1550 poeticas
642 1475 690 1523 ex
706 1465 881 1547 utroque
897 1452 1064 1533 loannis

59 1552 227 1629 Stobaei
258 1575 380 1650 opere
411 1567 633 1651 excerptas,
684 1551 931 1648 alteramque
951 1553 1065 1626 illam

57 1653 345 1728 collectionem
365 1653 554 1727 locorum
566 1651 789 1726 illustrium
815 1677 863 1726 ex
886 1653 1065 1752 Tragicis

58 1754 326 1849 Comicisque
341 1754 512 1851 graecis,
541 1778 643 1850 quae
663 1755 803 1827 omnia
822 1752 968 1827 eodem
980 1779 1065 1829 me·

62 1871 226 1930 trorum
258 1879 404 1952 genere
428 1855 562 1927 latinis
589 1855 774 1929 versibus
805 1870 1063 1955 expresserat,

60 1956 353 2054 Antbologiam
371 1979 536 2052 quoque
556 1955 756 2053 integram
780 1953 922 2031 eadem
942 1956 1066 2036 ratio·

62 2082 114 2130 ne
136 2055 378 2130 vertendam
401 2057 588 2157 suscepit.
648 2055 773 2158 Quod
797 2056 845 2129 ab
870 2081 940 2144 eo,
969 2070 1066 2129 sene

66 2159 342 2257 sexagenario,
370 2179 531 2229 summa
560 2182 655 2229 cum
681 2170 764 2229 arte
805 2181 882 2229 nec
904 2157 1066 2230 minore

63 2257 275 2358 diligentia
305 2255 534 2358 perfectum
569 2281 656 2330 esse
698 2279 842 2330 omnes
875 2281 970 2330 uno·
994 2281 1065 2332 ore

61 2358 253 2434 fatentur.
330 2363 482 2432 Verum
516 2357 595 2431 hoc
622 2371 707 2430 tam
735 2357 932 2430 eximium
960 2380 1065 2457 opus

63 2486 195 2558 quum
217 2483 301 2532 una
323 2483 418 2531 cum
439 2473 551 2532 textu
575 2482 717 2557 graeco
747 2456 937 2558 plurimis
968 2484 991 2531 a
1023 2483 1067 2533 se

60 2561 164 2636 locis
196 2559 345 2634 rectius
368 2561 590 2633 constituto
614 2557 797 2631 editurus
822 2573 943 2646 esset,
979 2557 1066 2631 edi-

37 2702 40 2706 <
62 2663 303 2757 tionemque
319 2661 506 2734 instantia
526 2658 598 2735 fati
624 2657 799 2755 quadam
813 2661 1066 2758 praesensioss

60 2789 115 2836 ne
137 2777 310 2862 urgeret,
337 2777 471 2835 morte
486 2774 729 2861 praeventus
754 2774 813 2832 est
832 2763 906 2856 Η).
959 2759 1065 2833 Hinc

62 2862 232 2950 factum,
259 2877 307 2935 ut
321 2876 452 2936 textus
468 2888 501 2934 a'
513 2862 656 2936 Grotio
676 2859 727 2932 ad
745 2861 928 2934 criticam
942 2861 1066 2934 ratio·

61 2964 162 3040 neni
178 2962 416 3038 emendatus
430 2964 603 3063 periret,
630 2962 755 3036 latina
780 2977 927 3065 autem
941 2962 1066 3065 inter-

95 3217 122 3283 1’)
140 3211 236 3268 Obiter
247 3211 300 3264 hoe
316 3212 377 3264 loco
393 3210 658 3266 commemorabimus
668 3210 811 3264 editionem
825 3208 932 3265 Anthol.
948 3210 982 3263 ab
1001 3210 1067 3264 An-

129 3283 215 3364 dgon
227 3272 539 3363 Ricinoauseeptemz
554 3281 599 3348 qui
609 3280 721 3362 aipgnlis
739 3280 937 3362 epigrammatis
953 3278 1067 3360 Florilo-

128 3349 1069 3485 tribuittrttttttitillabit?rittttttttttttttt

100 3510 107 3518 ’
131 3493 162 3541 ta
176 3493 267 3569 poem
281 3485 400 3536 omnium
411 3486 546 3538 nationum
555 3485 800 3554 funigerattsstmoa
809 3485 1010 3552 commemorat)
1021 3483 1068 3539 otl-

130 3555 208 3607 dina
249 3552 341 3606 Prima
363 3553 464 3605 chilim
477 3554 578 3635 prodiit
594 3555 706 3607 Gothos.
724 3551 798 3606 1651.
817 3552 842 3604 8.
860 3552 1067 3619 reliquendum,

130 3638 201 3691 quae
215 3637 349 3688 nonquam
360 3621 447 3673 lucem
459 3622 588 3687 viderunt,
604 3626 742 3675 sumantur
758 3620 787 3674 in
806 3620 935 3674 Biblioth.
956 3619 1068 3674 Univer-

131 3691 218 3746 nutis
234 3688 384 3758 Lipsiensis.

98 3825 133 3893 ”)
150 3820 291 3891 specimen
306 3818 436 3888 editionis,
451 3823 525 3888 enjus
540 3838 631 3876 euram
641 3820 749 3876 Grotius
760 3821 948 3876 tmcovmio
960 3812 1068 3876 ilmin-

130 3894 255 3956 dorem,
272 3891 382 3943 missum
393 3897 451 3945 eret
468 3891 584 3943 Parisios
602 3907 692 3942 manse
710 3891 836 3944 Jonuorio
854 3891 928 3943 1645.
952 3907 1067 3942 ‹nmmo-

130 3968 304 4026 mereturque
315 3959 343 4011 in
357 3960 442 4012 Grotii
452 3960 575 4026 Epistolis
590 3977 613 4026 p.
626 3959 701 4012 tto..
725 3961 784 4011 Hoc
802 3959 859 4027 ipso
876 3975 959 4021 auno,
976 3958 1067 4026 paucis

130 4036 194 4098 post
208 4028 361 4091 mensibus,
379 4027 419 4081 vir
432 4043 550 4081 summus
562 4028 698 4080 defunctus
712 4033 750 4080 est
765 4043 799 4079 m.
816 4028 934 4095 Augusto
944 4024 986 4079 28.
