2506 4666
210 304 305 359 m.

117 550 120 554 Α
211 463 258 536 in
279 430 472 580 margine·
487 482 661 566 ponam,
697 456 1040 540 antedictorum
1064 466 1213 541 veritas

211 562 435 638 clarissime
452 566 718 665 apparebitt).

136 754 140 763 1
211 705 214 710 -
249 687 251 690 ⁴
312 670 521 766 Superest,
548 680 736 764 utpauca
752 662 899 741 dehoc
915 666 1131 766 ipsolibro
1148 664 1214 741 di-

211 772 371 855 camus,
399 792 482 864 quo
513 762 787 854 Bibliothecae
816 793 1001 866 graecae,
1035 793 1057 840 a
1087 766 1213 843 nobis

210 881 437 967 susceptae,
466 866 691 943 editionem
708 893 803 941 casu
819 870 946 969 magis
971 890 1091 967 quam
1112 895 1213 945 con-

209 969 317 1044 sulto
328 970 596 1069 auspicamur.
624 973 769 1066 Neque
779 982 915 1043 tamen
925 983 997 1058 est,
1011 969 1212 1066 quodnos

206 1068 330 1162 hujus
352 1095 466 1144 casus
487 1069 704 1169 poeniteat.
756 1071 932 1146 Nullum
954 1071 1067 1144 enim
1088 1074 1212 1146 novi·

207 1196 300 1244 mus
316 1186 478 1270 graecae
494 1169 743 1268 antiquitatis
763 1196 887 1271 opus,
921 1198 994 1272 per
1016 1171 1131 1268 quod
1152 1173 1211 1247 lea

207 1273 416 1371 gentibus,
459 1272 710 1369 adquorum
731 1272 949 1346 utilitatem
972 1286 1107 1346 totum
1127 1273 1210 1348 hoc

206 1375 339 1446 novae
385 1375 633 1474 scriptorum
672 1374 910 1473 graecorum
954 1374 1209 1449 collectionis

207 1474 429 1547 consilium
458 1475 667 1575 dirigitur,
708 1476 926 1568 juvenibus
952 1476 1207 1573 praesertim,

206 1575 339 1649 aditus
356 1576 406 1649 ad
426 1591 578 1650 ceteros
591 1579 744 1668 majore
767 1601 861 1649 cum
883 1577 1093 1676 voluptate
1116 1573 1210 1650 fieri

203 1677 354 1778 possit,
395 1700 518 1773 quant
547 1702 620 1777 per
642 1676 847 1769 ejusmodi
868 1678 1209 1776 epigrammatum

204 1777 498 1875 delectamus),
535 1804 583 1853 eo
602 1779 776 1852 consilio
792 1778 1054 1866 institutum,
1083 1795 1130 1852 ut
1149 1781 1207 1853 le-·

203 1893 341 1981 gentes
358 1896 567 1979 tamquam
587 1904 661 1980 per
677 1895 809 1979 prata,
845 1878 1105 1953 nitidissimis
1127 1876 1206 1955 flo-

234 2081 259 2150 ‘J
275 2081 308 2134 Iu
326 2096 380 2133 une
397 2078 467 2134 libro
478 2079 541 2144 xi,
569 2095 647 2148 quem
665 2078 693 2132 in
710 2077 763 2132 hec
780 2075 894 2132 editione
913 2076 1031 2149 perlegi,
1047 2084 1207 2148 praeterea,
1242 2042 1248 2061 ⁴

286 2165 356 2217 quee
373 2150 400 2202 in
419 2150 571 2205 accentibus
585 2156 645 2200 sunt
662 2157 785 2216 peccota,
815 2147 991 2215 quodraginta
1003 2149 1058 2200 lere
1077 2150 1206 2217 graviore

285 2216 375 2269 netuti
387 2215 462 2269 vitiu.
497 2217 542 2269 Sic
557 2216 645 2269 statim
661 2234 701 2284 ep.
714 2216 756 2281 10,
774 2218 798 2268 1.
817 2217 868 2269 δοῦ
882 2217 998 2268 habetur
1013 2233 1061 2283 pro
1075 2218 1135 2269 cori.
1159 2214 1204 2283 35,
1245 2218 1248 2223 '

284 2284 311 2337 8.
331 2281 492 2354 Φιλὸὃηαος.
507 2303 555 2353 pro
571 2283 734 2352 Φιλόδημος.
752 2285 834 2348 40,1.
852 2279 977 2350 Εὐμενος
991 2301 1039 2352 pro
1054 2279 1204 2352 Εὐμένους.

286 2352 329 2418 42,
347 2352 372 2408 5.
389 2353 440 2424 τὴν
450 2371 497 2422 pre
508 2348 568 2420 κήν,
585 2353 670 2422 posite
681 2355 760 2406 etiam
772 2354 847 2420 signo
860 2352 1041 2420 interrogandi
1053 2359 1112 2420 post
1129 2348 1198 2441 cinq·

288 2419 346 2474 δέα.
372 2423 411 2473 Ex
423 2422 514 2472 multis
527 2422 586 2473 aliis
598 2422 665 2472 haec
677 2429 779 2472 tautum
792 2437 976 2471 commeruere.
996 2438 1035 2487 ep.
1047 2421 1090 2485 00,
1106 2421 1132 2474 4.
1152 2443 1204 2477 αυ-

285 2492 320 2542 λα
332 2505 379 2556 pre
395 2482 476 2544 ovito:
494 2489 537 2552 tt,
557 2491 581 2540 Ι.
600 2485 633 2542 eei
649 2489 775 2540 omnium
792 2497 851 2554 post
869 2489 906 2542 δέ.
930 2498 961 2542 ut
970 2488 1028 2551 183,
1044 2488 1068 2542 4.
1087 2490 1203 2550 rigante

284 2556 368 2618 τίνος.
401 2555 460 2622 354,
480 2554 521 2607 15.
539 2550 557 2624 ἢ
577 2566 637 2608 ente
652 2550 745 2616 tetes.
780 2555 839 2619 4⁰2,
852 2557 877 2608 1.
900 2551 951 2624 τὴν
967 2566 1028 2608 unte
1048 2557 1201 2627 σπατὰλην.

285 2625 354 2679 Prae
366 2627 463 2678 talibus
477 2623 676 2677 leviavidentur
687 2625 776 2690 ἴσθισι,
794 2625 838 2676 uti
846 2662 853 2688 ‚
871 2626 1016 2693 σχοοίνιον,
1035 2621 1127 2713 inique
1140 2631 1201 2694 (pre

286 2688 403 2763 calquis),
415 2690 574 2762 λωγοάφσς,
591 2685 733 2762 punisse}
751 2693 891 2763 εισιὲρην,
916 2687 966 2753 <tric
978 2694 1035 2759 (pro
1047 2696 1121 2758 (lesi,
1147 2698 1202 2750 οο-

283 2758 439 2830 νήσασθσιι,
461 2759 609 2847 ἐξεςὸφσισσ
626 2769 652 2814 et
674 2711 821 2824 alieitttius
840 2761 945 2830 generis
960 2762 1104 2815 lectionum
1123 2781 1201 2816 mou-

284 2838 347 2885 stru,
382 2830 474 2898 Quid'l
501 2831 571 2897 quod
587 2829 615 2882 in
634 2829 725 2882 eedem
747 2830 816 2881 libro
839 2847 879 2896 ep.
899 2829 958 2880 424.
981 2847 1071 2881 versus
1091 2833 1200 2884 brevior

283 2899 414 2967 pluneert
434 2898 562 2963 omissus,
590 2898 628 2950 ita
644 2905 674 2950 ut
693 2904 777 2949 totum
795 2897 835 2965 epi
872 2937 878 2950 .
899 2899 1027 2949 adnuunt
1045 2901 1200 2954 versutuslt

169 3020 172 3025 ,
282 2967 433 3032 redactum,
462 2984 575 3034 eumque
594 2982 672 3017 sensu
689 2966 812 3017 cuseum‘l
837 2915 927 3017 litero
943 2966 1033 3052 quinto
1046 2976 1135 3018 nutem
1156 2986 1198 3036 ep.

285 3035 344 3099 101,
353 3033 379 3087 0.
391 3035 416 3088 0.
434 3035 462 3087 in
475 3036 546 3086 hunc
557 3033 665 3095 modum
675 3033 847 3086 exhibentur:
874 3030 891 3101 ἤ
908 3052 952 3087 τιν
973 3030 1132 3100 aripennem
1152 3033 1198 3090 tut

282 3100 453 3175 προθύροισι
465 3099 627 3168 στεφάνους,
645 3097 778 3172 δάκρυσιν
791 3100 895 3169 {uitium
907 3097 973 3163 τοὺς
989 3101 1079 3163 ἱκέτας
1096 3101 1197 3171 stepel-

282 3187 362 3236 σονς,
380 3171 429 3225 uht
439 3171 492 3240 ipsc
505 3171 645 3232 omissum,
662 3177 688 3221 et
702 3168 855 3238 στεφάνους
885 3170 981 3221 ositum
997 3188 1044 3237 pro
1059 3166 1196 3242 μσράνοις.

282 3238 412 3292 Similiter
424 3247 561 3309 peceatum
571 3238 598 3290 in
607 3239 723 3305 Append.
738 3255 777 3305 ep.
785 3237 845 3290 340.
861 3188 885 3290 i.
903 3238 950 3290 ubi
960 3239 1108 3291 hocversue
1120 3257 1197 3292 mou-

281 3313 365 3360 etrum
375 3309 501 3362 hebeturs
518 3309 559 3367 τίς
568 3321 623 3374 μου
636 3301 686 3374 τὴν
698 3307 820 3374 Σειρῆνα
831 3307 922 3367 κακῶς
933 3302 1017 3366 κακὸς
1031 3301 1130 3378 ripuar?
1145 3303 1197 3378 ‹iq-
1246 3350 1248 3359 ,

281 3376 394 3440 ieelim·
418 3378 480 3430 Alie
489 3380 639 3443 praetereo,
662 3392 714 3426 uon
726 3368 812 3428 minus
827 3374 954 3442 pudenda.
988 3375 1042 3427 Cur
1061 3376 1132 3428 euim
1146 3379 1195 3431 bo-
1246 3374 1248 3389 '

280 3459 327 3515 uus
342 3445 446 3499 chartus
458 3445 556 3498 talibus
570 3442 736 3511 inquinemus
753 3442 894 3496 sordibusi

229 3557 264 3627 ’“)
281 3560 340 3615 Nou
356 3549 424 3615 nune
434 3562 550 3645 primum
561 3557 870 3627 ejusmodiFlerilegium
880 3576 911 3611 ex
924 3557 1077 3628 Florilegiis
1094 3561 1194 3616 iecmm
1245 3588 1248 3627 t

278 3636 326 3699 est.
360 3632 455 3683 Paucis
475 3629 580 3698 quidem
592 3627 672 3680 hodie
684 3635 747 3679 note
764 3627 861 3679 tuerint
877 3628 974 3679 selectu
984 3628 1125 3695 Stephani,
1143 3631 1194 3683 So-
1247 3630 1248 3651 ;

279 3697 358 3762 teris,
374 3698 503 3768 Megiserl
520 3698 685 3764 aliorumque
694 3696 899 3763 epigrammate3
916 3695 962 3747 sed
973 3696 1024 3748 hac
1038 3697 1093 3764 ipse
1106 3705 1193 3751 aetate

277 3764 320 3816 vir
329 3768 419 3820 (locun
432 3770 464 3820 Ε.
477 3766 669 3819 Zimmermann
681 3764 869 3832 Anthologium
887 3781 918 3814 ex
931 3763 1018 3832 priore
1033 3771 1121 3817 nostre
1136 3767 1192 3818 edi-

277 3832 350 3886 tione
362 3835 491 3904 excerpsit
502 3830 690 3902 (Francoturti.
705 3831 780 3884 1808.
792 3834 845 3898 a),
869 3831 1048 3894 Weichertus,
1070 3833 1112 3884 vir
1130 3852 1191 3886 ern·

276 3901 433 3967 ditissimus,
456 3919 488 3956 ex
498 3904 582 3957 altere
596 3902 735 3970 (Miseuee.
748 3899 836 3967 1823).
871 3901 986 3967 Uterque
1004 3902 1085 3968 punito
1101 3902 1191 3955 diver-

271 3984 345 4102 113
347 3985 365 4026 ο
377 3980 466 4026 nosue
478 3976 583 4025 secutus
592 3975 633 4025 est
647 3968 804 4034 ceuciliums
825 3975 917 4024 uenter
929 3968 1130 4025 commentarios
1143 3972 1191 4025 ad-
