2506 4666
116 350 199 400 VIII

120 505 379 600 auctorisque
409 498 497 595 ejus
519 495 690 577 excitare
715 496 907 575 debebat!
959 504 1008 576 ln
1034 507 1127 574 mo-

119 605 313 682 nimentis
333 618 468 678 autem
488 600 781 703 sepulcralibus
801 617 902 698 quot
922 616 960 674 et
975 617 1126 698 quanta

119 708 276 784 fuerint
300 706 350 779 ad
380 704 579 780 commoti
602 702 779 803 pectoris
811 726 954 776 sensus
981 728 1126 802 expro-

120 806 293 884 mendos
325 808 612 892 invitamenta,
657 802 760 901 quid
790 805 932 878 attinet
960 802 1125 878 diceret

121 917 234 1015 Quae
253 909 393 984 omnia
411 921 508 980 sunt
527 905 751 996 eiusmodi,
779 918 827 979 ut
841 920 988 1005 sponte
1004 931 1127 1004 appa-

119 1026 227 1100 reat,
280 1008 494 1107 quomodo
531 1004 687 1087 factum
725 1007 811 1095 sit,
851 1021 900 1079 ut
933 1007 1127 1102 ἐπίγραμμα»

119 1111 234 1211 quod
266 1110 439 1185 anuda
473 1109 697 1184 nominum
731 1109 1127 1182 commemoratione

120 1227 328 1312 coeperat,
356 1213 450 1286 satis
469 1225 628 1285 mature
645 1223 827 1310 angusta,
856 1209 1006 1306 quibus
1027 1233 1126 1283 con-

118 1315 347 1400 tinebatur,
376 1313 548 1387 claustra
568 1321 836 1412 perrumpere
859 1311 1036 1409 gestiret,
1071 1324 1124 1398 et,

120 1414 384 1514 quantumvis
404 1413 560 1513 exiguis
583 1409 735 1486 finibus
753 1411 1125 1509 circumscriptum,

120 1515 172 1590 ad
197 1517 399 1616 poematis
428 1529 565 1589 tamen
589 1512 754 1588 laudem
777 1526 817 1585 et
838 1513 1035 1586 virtutem
1056 1511 1129 1586 ad⁴

119 1615 300 1719 spiraret.

101 1763 104 1768 ι
218 1718 306 1793 Diu
320 1731 457 1790 tamen
474 1716 519 1790 in
533 1713 614 1790 hoc
630 1735 776 1816 genere
793 1713 952 1816 priscus
969 1713 1038 1787 ille
1058 1738 1129 1788 co·

119 1818 206 1905 lor,
245 1818 379 1918 prisca
409 1817 648 1916 simplicitas
671 1815 881 1902 obtinuit,
931 1815 987 1887 ita
1018 1829 1066 1887 ut
1089 1817 1129 1889 ei

118 1919 273 2018 poetici
297 1919 447 1992 coloris
470 1918 629 1991 lumina
653 1916 825 1991 nonnisi
849 1940 1010 1990 summa
1032 1940 1129 1990 cum

81 2092 83 2096 .
118 2021 388 2120 temperantia
407 2017 724 2093 adhiberentur·
745 2016 874 2113 quue
893 2041 981 2090 non
1000 2041 1128 2091 unam

121 2120 175 2199 ob
193 2144 387 2196 caussam.
439 2120 552 2195 Loci-
567 2118 701 2207 e'nim,
730 2119 798 2191 cui
822 2116 1021 2190 destinata
1038 2116 1128 2192 fue-

120 2236 219 2296 runt
240 2220 551 2322 epigrammata,
586 2220 712 2307 ratio,
745 2219 853 2292 basis
879 2229 1032 2291 statuae
1055 2234 1128 2291 an·'

121 2323 300 2421 gustior,
330 2324 441 2422 cippi
466 2347 556 2396 area
581 2346 668 2396 non
687 2317 915 2393 admodum
936 2320 1125 2418 spatiosa,

28 2470 32 2479 ·
121 2447 262 2522 margo
281 2421 463 2509 donarii,
487 2417 665 2493 *effusam
683 2420 913 2494 orationem
930 2421 1128 2494 intraan·

122 2537 262 2624 gustos
297 2519 399 2596 fines
434 2521 668 2609 cohibebat;
708 2543 921 2618 quumque
953 2523 1042 2621 ipsa
1067 2523 1129 2596 rei

56 2622 59 2631 ’
122 2624 226 2700 ratio
241 2622 479 2724 postularet,
507 2635 567 2710 ut,
585 2647 665 2722 qua
687 2621 738 2695 de
762 2646 901 2695 caussa
928 2624 1129 2724 epigram-

121 2750 191 2799 ma
210 2739 315 2798 esset
332 2720 538 2812 additum,
566 2724 655 2797 sine
679 2748 796 2797 mora
819 2723 1127 2823 intelligeretur,

124 2850 221 2900 cum
241 2824 322 2900 hoc
336 2825 496 2925 ipsum,
529 2838 620 2899 tum
640 2825 710 2924 pia
737 2825 860 2898 etiam
877 2823 1040 2898 donarii
1059 2842 1130 2900 aut

122 2925 373 3001 monimenti
395 2925 684 3026 epigrammate
700 2924 876 2999 ornandi
894 2923 1126 3016 destinatio,

125 3042 166 3101 et
183 3026 424 3101 brevitatem
439 3025 771 3115 commendabat,
806 3041 846 3099 et
861 3028 1128 3102 ambitiosum

126 3143 332 3216 ornatum,
357 3141 405 3203 ut
424 3152 446 3201 a
468 3153 512 3203 re
537 3127 729 3216 alienum,
756 3126 1023 3227 praecidebat.
1050 3135 1128 3204 Ve-

124 3252 221 3305 rum
238 3254 286 3302 ex
300 3228 584 3326 antiquissimo
600 3229 681 3303 hoc
698 3230 1037 3330 epigrammatum
1060 3256 1127 3329 ge·

125 3352 246 3418 nere,
273 3328 390 3427 quod·
402 3345 536 3404 totum
551 3355 573 3402 a
589 3330 725 3418 rebus,
745 3354 848 3428 quae
868 3331 907 3402 ei
923 3331 1128 3432 originem

127 3454 392 3527 caussamque
431 3432 721 3531 praebuerant,
772 3429 1003 3532 pendebat,
1055 3434 1129 3505 ali-

127 3547 280 3629 quanto
303 3545 399 3632 post
426 3528 538 3606 aliud
561 3548 621 3607 est
641 3546 828 3606 exortum
856 3558 1004 3633 genus,
1040 3559 1126 3606 ma-¹

126 3631 227 3706 teria
253 3630 358 3706 illud
374 3658 400 3707 ‚a
422 3633 560 3733 priore
589 3659 677 3708 non
709 3631 939 3723 diversum,
990 3631 1127 3709 forma

125 3729 239 3807 haud
251 3733 376 3832 paulo
391 3732 573 3809 liberius.
625 3732 861 3835 Coeperunt
885 3735 996 3809 eninr
1018 3760 1127 3810 non-

127 3833 233 3908 nulli
249 3832 300 3907 ad
313 3833 541 3934 priscarum
554 3834 718 3909 illarum
734 3836 1053 3936 inscriptionum
1072 3838 1127 3910 si·

127 3933 406 4016 militudinem
424 3935 709 4065 epigrammata
727 3937 914 4026 scribere,
941 3963 1028 4012 non
1044 3936 1125 4013 hoc

130 4035 318 4125 consilio,
344 4051 392 4109 ut
414 4061 460 4110 ea
484 4037 714 4137 αναθήμασιν,
750 4053 819 4112 aut
842 4039 1123 4124 monimentis,

130 4150 201 4213 aut
222 4138 319 4212 artis
345 4137 538 4240 operibus
565 4138 940 4228 accommodarent,
983 4140 1056 4221 sed
1077 4154 1125 4213 ut
