2506 4666
1095 327 1161 382 vn

152 498 244 555 turn
274 477 368 567 fieri
400 476 562 567 debuit,
616 503 746 577 quum
779 479 953 584 elegiaca
986 479 1158 561 disticha
1190 487 1192 490 ’

152 584 250 656 huic
281 584 343 657 rei
365 597 499 656 essent
522 578 714 656 adhibita.
769 586 910 687 Quum
937 584 1050 661 enim
1075 585 1157 664 hoc

149 708 352 759 versuum
370 707 498 783 genus
521 680 720 781 stroplreu
738 682 1048 783 quodammodo
1066 684 1156 763 effi·

151 787 249 876 ciat,
289 798 436 884 sponte
458 797 730 883 exspectatur,
770 799 817 860 ut
837 783 956 861 docta
978 786 1155 885 quadam

149 887 376 963 sententiae
392 883 725 960 conforrnatione
740 898 875 963 totum
891 885 1017 977 illud,
1040 889 1156 987 quod

148 1012 268 1063 aures
284 988 330 1061 in
345 985 506 1063 heroici
525 1010 668 1061 versus
693 1011 790 1061 curn
812 994 1066 1089 pentametro
1085 1014 1154 1066 co·

145 1089 362 1190 pulatione
396 1112 492 1163 cum
524 1088 736 1187 voluptate
774 1088 978 1179 sentiunt,
1029 1091 1154 1167 etiam

144 1192 291 1267 animo
311 1204 351 1266 et
365 1203 503 1263 mente
522 1189 783 1287 percipiatur.
835 1194 972 1294 Quare
994 1206 1153 1269 mature

144 1291 403 1379 factumest,
429 1305 477 1363 ut
491 1289 658 1390 elegiaci
672 1304 819 1394 poetae
840 1306 880 1367 et
898 1291 1062 1393 singula
1089 1291 1153 1368 dt-

144 1393 276 1467 sticha
310 1406 351 1467 et
379 1387 574 1490 periodos
608 1416 657 1465 ex
690 1389 875 1466 distichis
901 1394 1151 1493 compositas

143 1517 441 1594 saepenumero
482 1491 690 1566 luculenta
725 1491 902 1590 quadam
934 1495 1149 1587 sententia,

141 1612 211 1675 aut
226 1593 357 1669 verbo
382 1591 696 1682 concluderent,
731 1591 846 1691 quod
864 1595 1034 1694 legentis
1062 1597 1149 1670 ani·

138 1722 259 1771 mum
272 1709 476 1795 pungeret
496 1710 537 1771 et
551 1708 717 1769 teneret.
770 1699 863 1798 Quo
886 1693 1053 1772 brevius
1079 1722 1150 1770 au-

139 1814 225 1875 tem
248 1812 311 1871 est
336 1820 521 1885 carmen,
560 1821 609 1872 eo
635 1795 764 1895 magis
788 1796 1013 1894 requiritur
1033 1797 1148 1898 inge-

138 1902 260 1974 niosa
278 1898 503 1971 sententiae
520 1899 761 1987 conversio,
796 1913 867 1971 aut
884 1914 1149 2000 praeceptum

140 2000 189 2074 ad
220 2001 354 2073 vitam
381 1998 504 2086 utile,
548 2012 617 2070 aut
639 1998 773 2099 gravis
801 1997 1002 2095 quaedam
1024 2015 1064 2072 et
1086 1996 1148 2073 fe·

145 2099 278 2175 cunda
292 2098 414 2197 γνώμη,
439 2099 693 2201 automnino
710 2098 880 2195 aliquid,
900 2098 1014 2198 quod
1029 2100 1148 2198 quasi

144 2204 334 2277 aculeum
367 2200 413 2273 in
446 2201 585 2274 animo
619 2200 833 2294 relinquat.
908 2201 976 2277 Sic
1007 2201 1152 2298 itaque‘

135 2305 453 2404 epigrammata,
485 2301 672 2399 primum
699 2297 901 2388 donariiS,
941 2314 1033 2379 tum
1054 2327 1146 2377 mo..

120 2404 339 2481 'nimentis
362 2401 676 2502 sepulcralibus,
704 2400 852 2473 tabulis
875 2401 1042 2491 votiviS,
1067 2417 1144 2476 sta·

132 2508 242 2595 tuis,
271 2503 399 2604 signis
418 2503 589 2598 aliisque
610 2500 731 2575 rebus
747 2500 940 2590 adhibita,
966 2527 1061 2576 cum
1077 2529 1144 2577 ex·

131 2623 254 2684 terna
279 2604 472 2679 carminis
499 2600 632 2697 forma
651 2617 840 2677 naturam
866 2627 1032 2701 quoque
1059 2629 1144 2679 car-
1186 2685 1188 2693 ¹

130 2708 264 2791 minis
284 2704 522 2780 induebant
572 2706 719 2800 Neque
735 2719 872 2778 tamen
894 2703 975 2779 hoc
994 2705 1051 2778 ita
1071 2729 1141 2779 ve·
1186 2723 1189 2731 ·

127 2812 210 2887 lim
235 2808 388 2906 accipi,
429 2806 549 2903 quasi
570 2802 636 2894 id,
678 2803 791 2901 quod
816 2805 862 2879 in
889 2803 969 2880 hoc
993 2829 1141 2904 genere

126 2911 351 3014 poeticum
369 2919 450 2996 est,
483 2921 619 2982 totum
640 2904 690 2979 ab
713 2920 875 2979 externa
898 2909 982 2999 ejus
1005 2903 1140 2980 forma

125 3005 413 3089 derivandum
456 3006 694 3082 existimem.
773 3009 882 3082 Nam
930 3006 976 3081 in
1015 3006 1139 3081 rebus

125 3136 305 3213 quoque
341 3108 445 3197 iltis,
489 3133 590 3204 quae
622 3105 931 3208 ,epigrammatis
973 3109 1140 3182 concin-

123 3212 285 3293 nandis
333 3211 681 3311 opportunitatem
728 3206 895 3298 dabant,
939 3216 1142 3304 quantum

122 3320 269 3394 inerat
296 3311 348 3386 ad
367 3310 550 3412 pietatis,
582 3309 884 3398 admirationiS,
919 3311 1021 3409 grati
1050 3309 1136 3382 ani·

122 3421 188 3497 mi
237 3436 408 3489 sensum
452 3410 735 3498 excitandum,
778 3435 860 3507 quo
902 3435 1032 3507 quum
1072 3411 1137 3483 in·

103 3517 301 3597 ‘calescit
338 3528 500 3614 pectus,
533 3526 680 3613 sponte
708 3534 880 3611 poeseos
910 3511 974 3583 vis
1006 3525 1045 3585 et
1071 3510 1135 3584 lu·

124 3647 232 3698 men
275 3614 503 3690 enascitur!
554 3639 677 3712 quam
716 3611 857 3686 crebro
897 3627 992 3685 vota
1039 3636 1135 3685 cum

126 3721 360 3824 gratiarum
381 3717 561 3805 actione,
599 3737 739 3817 preces
772 3739 866 3787 cum
886 3713 1060 3786 laetitiae
1081 3711 1133 3784 si-

127 3818 401 3925 gnificatione
419 3814 647 3917 jungendae
671 3815 800 3890 erant!
841 3839 963 3911 quam
991 3813 1134 3887 acriter

129 3947 256 4023 saepe
269 3942 412 3995 rerum
424 3918 627 4019 ipsarum,
662 3916 810 4015 quibus
827 3914 1048 3990 addebatur
1068 3914 1132 3987 in·

132 4023 330 4123 scriptio,
364 4034 412 4095 ut
432 4033 606 4109 statuae,
639 4018 799 4093 tabulae
821 4018 952 4117 pictae
977 4016 1132 4089 aliusve

136 4122 286 4201 similis
306 4121 442 4225 operis
453 4120 709 4223 praestantia
733 4118 785 4195 ad
810 4116 975 4195 laudem
999 4113 1133 4219 operis

1192 2970 1203 3007 t
