2506 4666
1026 306 1132 371 xxm

140 482 329 575 Tyriaeo,
375 473 648 562 Callimacho,
693 473 897 549 Bucolicis
946 473 1129 572 aliisque,

139 577 322 650 brevibus
342 574 394 648 ad
416 577 555 648 omnia
574 574 930 650 observationibus
952 574 1130 668 adjectis,

133 679 172 751 in
194 679 272 751 tria
295 677 517 753 Volumina
541 676 715 775 digesta,
752 676 829 751 sub
852 678 1009 754 Anale
1023 691 1132 751 cto·

130 804 237 853 rum
262 778 386 851 titulo
403 776 538 851 ederet
552 781 604 874 t).
654 783 742 851 Hoc
759 801 885 879 opus,
912 792 959 852 ut
976 779 1130 867 omnia,

129 890 228 976 quae
245 880 314 953 vir
329 879 699 979 praestantissimus
714 878 900 976 lucrique
923 904 972 953 ex
985 878 1131 953 litteris

127 980 308 1055 faciendi
355 994 585 1056 contemtor
626 981 964 1081 generosissimus
1020 980 1131 1080 typis

125 1078 389 1156 exscribenda
405 1082 575 1169 curavit,
592 1082 908 1157 externonitore
921 1081 1025 1155 ultra
1040 1105 1131 1155 mo·

126 1182 226 1258 dum
256 1182 371 1256 illius
394 1184 591 1281 temporis
617 1183 907 1282 conspicuum,
940 1181 1131 1281 quamvis

125 1308 277 1384 magno
311 1295 351 1357 et
377 1284 524 1357 merito
558 1281 816 1358 eruditorum
839 1284 988 1383 plausu
1016 1306 1131 1357 exce·

127 1399 264 1485 ptum,
302 1382 550 1457 nontamen
576 1410 625 1459 ex
647 1384 765 1459 omni
795 1399 908 1484 parts
936 1381 1132 1459 satisfecit

127 1512 274 1559 eorum
291 1482 517 1574 desiderio,
544 1487 616 1583 qui
632 1486 677 1559 in
692 1484 898 1578 ejusmodi
916 1508 1053 1587 opere,
1080 1509 1130 1558 ex

124 1612 210 1661 uno
236 1584 356 1661 fonte
378 1587 599 1660 maximam
622 1601 780 1687 partem
802 1585 1006 1676 derivato,
1040 1608 1130 1659 non

121 1700 206 1761 tam
232 1686 280 1762 id
303 1688 577 1782 requirerent,
606 1684 720 1784 quod
744 1686 862 1763 facile
882 1701 987 1762 esset
1010 1685 1131 1760 intel·-

122 1791 253 1877 lectu,
291 1789 411 1884 eique
438 1788 639 1863 lectorum
674 1790 835 1889 generi,
875 1786 989 1885 quod
1022 1785 1129 1861 nihil

120 1904 282 1991 praeter
311 1889 564 1988 voluptatem
588 1904 780 1978 sectatur,
814 1890 929 1964 nulla
951 1886 1130 1987 impedi·

122 2004 263 2065 menta
293 1989 504 2082 objiceret,
540 2014 664 2087 quam
689 2004 844 2065 textum
869 1989 920 2065 ad
942 2004 1130 2064 veterum

124 2093 328 2166 librorum
346 2087 470 2164 fidem
499 2106 730 2188 certamque
756 2093 914 2166 critices
937 2113 1147 2166 normamw

127 2193 343 2292 diligenter
358 2206 399 2266 et
422 2205 605 2266 accurate
634 2193 915 2265 constitutum.
967 2194 1058 2293 Qua
1082 2190 1130 2264 in

120 2309 238 2395 parte
259 2307 511 2392 quantopere
527 2293 688 2365 vacillet
702 2291 960 2366 Brunclsiana
985 2290 1128 2379 editio,

120 2411 163 2469 et
189 2395 268 2467 alii·
288 2407 561 2479 monuerunt,
599 2407 638 2466 et
667 2416 744 2467 nos
774 2392 968 2492 exemplis
999 2391 1128 2465 allatis

121 2494 345 2571 docuimus
368 2520 463 2567 cnm
486 2496 531 2566 in
547 2495 853 2593 Prolegomenis
879 2493 1031 2567 nostris
1052 2494 1127 2584 **),

119 2615 216 2671 tum
244 2598 289 2671 in
314 2593 570 2669 Praefatione
593 2593 645 2667 ad
670 2595 959 2693 Antlrologiam
985 2592 1130 2667 Palati-

119 2722 243 2786 nam,
300 2696 375 2769 ubi
419 2695 470 2768 de
505 2694 703 2769 Brunclrii
750 2697 795 2768 in
839 2694 1129 2793 Anthologiam

118 2798 281 2875 meritis
310 2795 402 2869 data
433 2821 555 2897 opera
586 2794 898 2894 disputavimus.
964 2800 1024 2870 Ex
1049 2818 1129 2889 qua

122 2899 405 2999 disputatione
420 2896 501 2971 hoc
518 2899 706 2996 posuisse
735 2892 963 2982 suffecerit,
990 2895 1130 2967 virum

120 2999 526 3100 ingeniosissimum,
570 3022 700 3095 quum
736 2998 925 3096 genuinis
958 2993 1131 3068 Palatini

122 3104 250 3188 olim,
285 3115 376 3172 tum
399 3099 582 3175 Vaticani
607 3097 760 3171 codicis
785 3096 1032 3171 lectionibus
1067 3120 1131 3168 ca·

122 3217 255 3297 reret,
280 3224 414 3296 neque
441 3224 582 3281 earum
596 3197 962 3273 nanciscendarum
977 3214 1130 3296 oppor-

121 3305 343 3380 tunitatem
368 3301 553 3388 haberet,
582 3301 777 3375 sexcentis
801 3300 848 3371 iu
868 3298 969 3372 locis
984 3319 1129 3396 pravas

122 3403 314 3483 Salmasii
349 3402 604 3496 aliorumque
629 3405 879 3491 conjecturas
904 3422 980 3497 pro
1001 3421 1145 3471 mem--

122 3509 350 3585 branarnm
376 3502 622 3576 lectionibus
642 3501 855 3585 habuisse,
898 3521 1031 3593 neque
1052 3497 1131 3569 mi·

123 3631 208 3686 nus
238 3629 376 3704 saepe,
420 3617 466 3676 ut
503 3627 606 3702 quae
646 3600 886 3702 corruptelis
919 3599 1133 3675 horrerent

161 3878 189 3942 ')
206 3869 384 3942 Argentorati.
402 3868 476 3925 lttt.
493 3868 519 3924 Β.

161 4010 201 4078 ⁸⁸)
218 3989 328 4076 §.ism
346 4025 372 4076 p.
386 4005 483 4060 clxv.
563 3976 569 3991 ’
