<?xml version="1.0" encoding="UTF-8"?>
<!DOCTYPE html PUBLIC "-//W3C//DTD XHTML 1.0 Transitional//EN"
    "http://www.w3.org/TR/xhtml1/DTD/xhtml1-transitional.dtd">
<html xmlns="http://www.w3.org/1999/xhtml" xml:lang="en" lang="en">
 <head>
  <title>
</title>
<meta http-equiv="Content-Type" content="text/html;charset=utf-8" />
  <meta name='ocr-system' content='tesseract 3.04.00' />
  <meta name='ocr-capabilities' content='ocr_page ocr_carea ocr_par ocr_line ocrx_word'/>
</head>
<body>
  <div class='ocr_page' id='page_1' title='image "./delectusepigram00jacogoog_0028.png"; bbox 0 0 2506 4666; ppageno 0'>
   <div class='ocr_carea' id='block_1_1' title="bbox 975 322 1055 374">
    <p class='ocr_par' dir='ltr' id='par_1_1' title="bbox 975 322 1055 374">
     <span class='ocr_line' id='line_1_1' title="bbox 975 322 1055 374; baseline 0.013 -1"><span class='ocrx_word' id='word_1_1' title='bbox 975 322 1055 374; x_wconf 80' lang='lat' dir='ltr'><strong>XXV</strong></span> 
     </span>
    </p>
   </div>
   <div class='ocr_carea' id='block_1_2' title="bbox 52 472 1190 2601">
    <p class='ocr_par' dir='ltr' id='par_1_2' title="bbox 52 472 1190 2601">
     <span class='ocr_line' id='line_1_2' title="bbox 63 472 1190 581; baseline -0.003 -25"><span class='ocrx_word' id='word_1_2' title='bbox 63 483 172 575; x_wconf 71' lang='lat' dir='ltr'><strong>culus</strong></span> <span class='ocrx_word' id='word_1_3' title='bbox 196 477 535 581; x_wconf 78' lang='lat' dir='ltr'><strong>praestantissimi</strong></span> <span class='ocrx_word' id='word_1_4' title='bbox 561 478 789 580; x_wconf 85' lang='lat' dir='ltr'><strong>viriopera</strong></span> <span class='ocrx_word' id='word_1_5' title='bbox 814 478 1056 580; x_wconf 85' lang='lat' dir='ltr'><strong>paulopost</strong></span> <span class='ocrx_word' id='word_1_6' title='bbox 1189 472 1190 476; x_wconf 50' lang='lat'>‘</span> 
     </span>
     <span class='ocr_line' id='line_1_3' title="bbox 62 578 1056 682; baseline -0.004 -24"><span class='ocrx_word' id='word_1_7' title='bbox 62 581 206 682; x_wconf 77' lang='lat' dir='ltr'><strong>integri</strong></span> <span class='ocrx_word' id='word_1_8' title='bbox 223 578 377 656; x_wconf 86' lang='lat' dir='ltr'><strong>codicis</strong></span> <span class='ocrx_word' id='word_1_9' title='bbox 395 580 693 681; x_wconf 69' lang='lat' dir='ltr'>apographum,</span> <span class='ocrx_word' id='word_1_10' title='bbox 721 606 744 653; x_wconf 88' lang='lat' dir='ltr'><strong>a</strong></span> <span class='ocrx_word' id='word_1_11' title='bbox 765 580 941 681; x_wconf 89' lang='lat' dir='ltr'><strong>losepho</strong></span> <span class='ocrx_word' id='word_1_12' title='bbox 959 584 1056 681; x_wconf 87' lang='lat' dir='ltr'><strong>Spa·</strong></span> 
     </span>
     <span class='ocr_line' id='line_1_4' title="bbox 58 680 1085 773; baseline -0.001 -15"><span class='ocrx_word' id='word_1_13' title='bbox 58 683 161 772; x_wconf 89' lang='lat' dir='ltr'><strong>letti,</strong></span> <span class='ocrx_word' id='word_1_14' title='bbox 195 682 277 757; x_wconf 90' lang='lat' dir='ltr'><strong>scri</strong></span> <span class='ocrx_word' id='word_1_15' title='bbox 305 696 393 757; x_wconf 91' lang='lat' dir='ltr'><strong>tore</strong></span> <span class='ocrx_word' id='word_1_16' title='bbox 415 680 517 758; x_wconf 88' lang='lat' dir='ltr'><strong>olim</strong></span> <span class='ocrx_word' id='word_1_17' title='bbox 535 680 810 757; x_wconf 84' lang='lat' dir='ltr'><strong>Bibliothecae</strong></span> <span class='ocrx_word' id='word_1_18' title='bbox 827 683 1054 773; x_wconf 76' lang='lat' dir='ltr'><strong>vaticanae,</strong></span> <span class='ocrx_word' id='word_1_19' title='bbox 1080 744 1085 773; x_wconf 73' lang='grc'><strong>,</strong></span> 
     </span>
     <span class='ocr_line' id='line_1_5' title="bbox 56 707 1056 883; baseline -0.005 -22"><span class='ocrx_word' id='word_1_20' title='bbox 56 782 254 883; x_wconf 82' lang='lat' dir='ltr'><strong>singulari</strong></span> <span class='ocrx_word' id='word_1_21' title='bbox 267 707 477 883; x_wconf 61' lang='lat' dir='ltr'><strong>‹hligemm</strong></span> <span class='ocrx_word' id='word_1_22' title='bbox 493 779 667 873; x_wconf 90' lang='lat' dir='ltr'><strong>factum,</strong></span> <span class='ocrx_word' id='word_1_23' title='bbox 694 783 740 858; x_wconf 90' lang='lat' dir='ltr'><strong>in</strong></span> <span class='ocrx_word' id='word_1_24' title='bbox 761 782 1056 858; x_wconf 87' lang='lat' dir='ltr'><strong>Bibliothecam</strong></span> 
     </span>
     <span class='ocr_line' id='line_1_6' title="bbox 54 882 1056 988; baseline -0.002 -29"><span class='ocrx_word' id='word_1_25' title='bbox 54 883 265 988; x_wconf 87' lang='lat' dir='ltr'><strong>publicam</strong></span> <span class='ocrx_word' id='word_1_26' title='bbox 280 883 509 961; x_wconf 87' lang='lat' dir='ltr'><strong>Gothanam</strong></span> <span class='ocrx_word' id='word_1_27' title='bbox 520 882 680 958; x_wconf 84' lang='lat' dir='ltr'><strong>illatum</strong></span> <span class='ocrx_word' id='word_1_28' title='bbox 696 897 767 958; x_wconf 81' lang='lat' dir='ltr'><strong>est</strong></span> <span class='ocrx_word' id='word_1_29' title='bbox 817 888 877 959; x_wconf 86' lang='lat' dir='ltr'><strong>Ex</strong></span> <span class='ocrx_word' id='word_1_30' title='bbox 890 883 970 959; x_wconf 91' lang='lat' dir='ltr'><strong>hoc</strong></span> <span class='ocrx_word' id='word_1_31' title='bbox 987 882 1056 958; x_wconf 85' lang='lat' dir='ltr'><strong>de·</strong></span> 
     </span>
     <span class='ocr_line' id='line_1_7' title="bbox 54 982 1056 1084; baseline -0.004 -22"><span class='ocrx_word' id='word_1_32' title='bbox 54 1011 173 1063; x_wconf 90' lang='lat' dir='ltr'><strong>mum</strong></span> <span class='ocrx_word' id='word_1_33' title='bbox 186 985 318 1077; x_wconf 88' lang='lat' dir='ltr'><strong>libro,</strong></span> <span class='ocrx_word' id='word_1_34' title='bbox 352 984 438 1083; x_wconf 90' lang='lat' dir='ltr'><strong>qui,</strong></span> <span class='ocrx_word' id='word_1_35' title='bbox 464 984 501 1059; x_wconf 90' lang='lat' dir='ltr'><strong>si</strong></span> <span class='ocrx_word' id='word_1_36' title='bbox 525 1009 548 1059; x_wconf 93' lang='lat' dir='ltr'><strong>a</strong></span> <span class='ocrx_word' id='word_1_37' title='bbox 570 984 711 1084; x_wconf 83' lang='lat' dir='ltr'><strong>paucis</strong></span> <span class='ocrx_word' id='word_1_38' title='bbox 741 984 948 1060; x_wconf 88' lang='lat' dir='ltr'><strong>erroribus</strong></span> <span class='ocrx_word' id='word_1_39' title='bbox 974 982 1056 1058; x_wconf 86' lang='lat' dir='ltr'><strong>dis·</strong></span> 
     </span>
     <span class='ocr_line' id='line_1_8' title="bbox 55 1083 1054 1186; baseline -0.005 -23"><span class='ocrx_word' id='word_1_40' title='bbox 55 1086 246 1186; x_wconf 80' lang='lat' dir='ltr'><strong>cesseris,</strong></span> <span class='ocrx_word' id='word_1_41' title='bbox 281 1084 524 1186; x_wconf 84' lang='lat' dir='ltr'><strong>autographi</strong></span> <span class='ocrx_word' id='word_1_42' title='bbox 551 1085 679 1161; x_wconf 87' lang='lat' dir='ltr'><strong>instar</strong></span> <span class='ocrx_word' id='word_1_43' title='bbox 709 1083 852 1159; x_wconf 89' lang='lat' dir='ltr'><strong>haberi</strong></span> <span class='ocrx_word' id='word_1_44' title='bbox 883 1099 1054 1186; x_wconf 81' lang='lat' dir='ltr'><strong>poterat,</strong></span> 
     </span>
     <span class='ocr_line' id='line_1_9' title="bbox 55 1184 1057 1286; baseline -0.006 -21"><span class='ocrx_word' id='word_1_45' title='bbox 55 1203 165 1272; x_wconf 88' lang='lat' dir='ltr'><strong>totus</strong></span> <span class='ocrx_word' id='word_1_46' title='bbox 191 1184 462 1286; x_wconf 87' lang='lat' dir='ltr'><strong>Anthologia&#39;e</strong></span> <span class='ocrx_word' id='word_1_47' title='bbox 496 1185 699 1262; x_wconf 82' lang='lat' dir='ltr'><strong>Palatinae</strong></span> <span class='ocrx_word' id='word_1_48' title='bbox 729 1185 913 1276; x_wconf 87' lang='lat' dir='ltr'><strong>habitus,</strong></span> <span class='ocrx_word' id='word_1_49' title='bbox 941 1201 1057 1260; x_wconf 85' lang='lat' dir='ltr'><strong>antea</strong></span> 
     </span>
     <span class='ocr_line' id='line_1_10' title="bbox 53 1283 1055 1389; baseline -0.005 -22"><span class='ocrx_word' id='word_1_50' title='bbox 53 1287 139 1368; x_wconf 78' lang='lat' dir='ltr'><strong>fere</strong></span> <span class='ocrx_word' id='word_1_51' title='bbox 152 1288 380 1389; x_wconf 89' lang='lat' dir='ltr'><strong>ignoratus,</strong></span> <span class='ocrx_word' id='word_1_52' title='bbox 398 1287 629 1363; x_wconf 88' lang='lat' dir='ltr'><strong>carminum</strong></span> <span class='ocrx_word' id='word_1_53' title='bbox 643 1283 748 1363; x_wconf 85' lang='lat' dir='ltr'><strong>ordo</strong></span> <span class='ocrx_word' id='word_1_54' title='bbox 765 1302 805 1361; x_wconf 92' lang='lat' dir='ltr'><strong>et</strong></span> <span class='ocrx_word' id='word_1_55' title='bbox 823 1285 1055 1389; x_wconf 86' lang='lat' dir='ltr'><strong>dispositio,</strong></span> 
     </span>
     <span class='ocr_line' id='line_1_11' title="bbox 55 1387 1057 1490; baseline -0.003 -25"><span class='ocrx_word' id='word_1_56' title='bbox 55 1387 708 1490; x_wconf 86' lang='lat' dir='ltr'><strong>summaquecodicisinplurimis</strong></span> <span class='ocrx_word' id='word_1_57' title='bbox 723 1389 844 1465; x_wconf 89' lang='lat' dir='ltr'><strong>rebus</strong></span> <span class='ocrx_word' id='word_1_58' title='bbox 852 1403 1057 1489; x_wconf 87' lang='lat' dir='ltr'><strong>praestan·</strong></span> 
     </span>
     <span class='ocr_line' id='line_1_12' title="bbox 57 1489 1078 1592; baseline 0.003 -26"><span class='ocrx_word' id='word_1_59' title='bbox 57 1492 111 1567; x_wconf 90' lang='lat' dir='ltr'><strong>tia</strong></span> <span class='ocrx_word' id='word_1_60' title='bbox 148 1515 199 1565; x_wconf 88' lang='lat' dir='ltr'><strong>co</strong></span> <span class='ocrx_word' id='word_1_61' title='bbox 259 1489 345 1564; x_wconf 92' lang='lat' dir='ltr'><strong>osci</strong></span> <span class='ocrx_word' id='word_1_62' title='bbox 382 1503 551 1591; x_wconf 85' lang='lat' dir='ltr'><strong>poterat.</strong></span> <span class='ocrx_word' id='word_1_63' title='bbox 628 1495 909 1592; x_wconf 83' lang='lat' dir='ltr'><strong>Quaecunque</strong></span> <span class='ocrx_word' id='word_1_64' title='bbox 945 1490 1078 1569; x_wconf 90' lang='lat' dir='ltr'><strong>enim.</strong></span> 
     </span>
     <span class='ocr_line' id='line_1_13' title="bbox 54 1515 1058 1691; baseline -0.004 -23"><span class='ocrx_word' id='word_1_65' title='bbox 54 1591 99 1679; x_wconf 85' lang='lat' dir='ltr'><strong>in</strong></span> <span class='ocrx_word' id='word_1_66' title='bbox 129 1515 438 1691; x_wconf 57' lang='lat' dir='ltr'><strong>Prolhlgomenis</strong></span> <span class='ocrx_word' id='word_1_67' title='bbox 470 1589 622 1666; x_wconf 88' lang='lat' dir='ltr'><strong>nostris</strong></span> <span class='ocrx_word' id='word_1_68' title='bbox 638 1593 677 1689; x_wconf 51' lang='lat' dir='ltr'><strong>i)</strong></span> <span class='ocrx_word' id='word_1_69' title='bbox 720 1588 771 1664; x_wconf 93' lang='lat' dir='ltr'><strong>de</strong></span> <span class='ocrx_word' id='word_1_70' title='bbox 810 1589 1058 1690; x_wconf 85' lang='lat' dir='ltr'><strong>Anthologia</strong></span> 
     </span>
     <span class='ocr_line' id='line_1_14' title="bbox 56 1689 1058 1792; baseline -0.007 -21"><span class='ocrx_word' id='word_1_71' title='bbox 56 1691 322 1773; x_wconf 83' lang='lat' dir='ltr'><strong>Constantini</strong></span> <span class='ocrx_word' id='word_1_72' title='bbox 339 1689 553 1792; x_wconf 89' lang='lat' dir='ltr'><strong>Cephalae,</strong></span> <span class='ocrx_word' id='word_1_73' title='bbox 581 1690 632 1766; x_wconf 86' lang='lat' dir='ltr'><strong>de</strong></span> <span class='ocrx_word' id='word_1_74' title='bbox 649 1696 734 1784; x_wconf 81' lang='lat' dir='ltr'><strong>ejus</strong></span> <span class='ocrx_word' id='word_1_75' title='bbox 751 1691 1058 1780; x_wconf 87' lang='lat' dir='ltr'><strong>concinnatore,</strong></span> 
     </span>
     <span class='ocr_line' id='line_1_15' title="bbox 56 1789 1060 1893; baseline 0 -25"><span class='ocrx_word' id='word_1_76' title='bbox 56 1790 106 1893; x_wconf 71' lang='lat' dir='ltr'><strong>tle</strong></span> <span class='ocrx_word' id='word_1_77' title='bbox 135 1806 226 1869; x_wconf 88' lang='lat' dir='ltr'><strong>toto</strong></span> <span class='ocrx_word' id='word_1_78' title='bbox 259 1789 437 1889; x_wconf 88' lang='lat' dir='ltr'><strong>denique</strong></span> <span class='ocrx_word' id='word_1_79' title='bbox 476 1791 618 1868; x_wconf 90' lang='lat' dir='ltr'><strong>codice</strong></span> <span class='ocrx_word' id='word_1_80' title='bbox 647 1791 969 1893; x_wconf 78' lang='lat' dir='ltr'><strong>disputavimus,</strong></span> <span class='ocrx_word' id='word_1_81' title='bbox 1013 1817 1060 1881; x_wconf 79' lang='lat' dir='ltr'><strong>ea</strong></span> 
     </span>
     <span class='ocr_line' id='line_1_16' title="bbox 57 1890 1059 1995; baseline -0.008 -22"><span class='ocrx_word' id='word_1_82' title='bbox 57 1895 199 1973; x_wconf 85' lang='lat' dir='ltr'><strong>omnia</strong></span> <span class='ocrx_word' id='word_1_83' title='bbox 213 1917 262 1969; x_wconf 84' lang='lat' dir='ltr'><strong>ex</strong></span> <span class='ocrx_word' id='word_1_84' title='bbox 274 1892 386 1968; x_wconf 87' lang='lat' dir='ltr'><strong>illius</strong></span> <span class='ocrx_word' id='word_1_85' title='bbox 402 1890 625 1995; x_wconf 85' lang='lat' dir='ltr'><strong>apographi</strong></span> <span class='ocrx_word' id='word_1_86' title='bbox 642 1892 771 1969; x_wconf 91' lang='lat' dir='ltr'><strong>veluti</strong></span> <span class='ocrx_word' id='word_1_87' title='bbox 785 1891 900 1968; x_wconf 83' lang='lat' dir='ltr'><strong>fonte</strong></span> <span class='ocrx_word' id='word_1_88' title='bbox 914 1892 1059 1969; x_wconf 86' lang='lat' dir='ltr'><strong>hausta</strong></span> 
     </span>
     <span class='ocr_line' id='line_1_17' title="bbox 56 1992 1060 2096; baseline -0.005 -25"><span class='ocrx_word' id='word_1_89' title='bbox 56 2009 171 2089; x_wconf 86' lang='lat' dir='ltr'><strong>sunt,</strong></span> <span class='ocrx_word' id='word_1_90' title='bbox 213 1992 388 2071; x_wconf 90' lang='lat' dir='ltr'><strong>undeet</strong></span> <span class='ocrx_word' id='word_1_91' title='bbox 417 1993 596 2094; x_wconf 86' lang='lat' dir='ltr'><strong>plurima</strong></span> <span class='ocrx_word' id='word_1_92' title='bbox 617 1995 905 2096; x_wconf 88' lang='lat' dir='ltr'><strong>epigrammata</strong></span> <span class='ocrx_word' id='word_1_93' title='bbox 927 2020 948 2068; x_wconf 90' lang='lat' dir='ltr'><strong>a</strong></span> <span class='ocrx_word' id='word_1_94' title='bbox 977 1992 1060 2069; x_wconf 88' lang='lat' dir='ltr'><strong>Sal-</strong></span> 
     </span>
     <span class='ocr_line' id='line_1_18' title="bbox 60 2095 1096 2198; baseline -0.003 -25"><span class='ocrx_word' id='word_1_95' title='bbox 60 2098 188 2173; x_wconf 89' lang='lat' dir='ltr'><strong>masio</strong></span> <span class='ocrx_word' id='word_1_96' title='bbox 207 2095 521 2198; x_wconf 81' lang='lat' dir='ltr'><strong>praetermissa,</strong></span> <span class='ocrx_word' id='word_1_97' title='bbox 537 2109 578 2169; x_wconf 89' lang='lat' dir='ltr'><strong>et</strong></span> <span class='ocrx_word' id='word_1_98' title='bbox 602 2096 761 2171; x_wconf 89' lang='lat' dir='ltr'><strong>anobis</strong></span> <span class='ocrx_word' id='word_1_99' title='bbox 782 2097 830 2171; x_wconf 89' lang='lat' dir='ltr'><strong>in</strong></span> <span class='ocrx_word' id='word_1_100' title='bbox 854 2095 1060 2197; x_wconf 85' lang='lat' dir='ltr'><strong>Paralipo·</strong></span> <span class='ocrx_word' id='word_1_101' title='bbox 1095 2101 1096 2104; x_wconf 73' lang='grc'>’</span> 
     </span>
     <span class='ocr_line' id='line_1_19' title="bbox 56 2194 1060 2295; baseline -0.005 -22"><span class='ocrx_word' id='word_1_102' title='bbox 56 2198 190 2273; x_wconf 92' lang='lat' dir='ltr'><strong>menis</strong></span> <span class='ocrx_word' id='word_1_103' title='bbox 208 2194 406 2283; x_wconf 83' lang='lat' dir='ltr'><strong>exhibita,</strong></span> <span class='ocrx_word' id='word_1_104' title='bbox 432 2220 627 2272; x_wconf 88' lang='lat' dir='ltr'><strong>unacum</strong></span> <span class='ocrx_word' id='word_1_105' title='bbox 650 2197 774 2270; x_wconf 86' lang='lat' dir='ltr'><strong>variis</strong></span> <span class='ocrx_word' id='word_1_106' title='bbox 795 2196 1060 2295; x_wconf 85' lang='lat' dir='ltr'><strong>lectionibus,¹</strong></span> 
     </span>
     <span class='ocr_line' id='line_1_20' title="bbox 53 2294 1061 2377; baseline -0.006 0"><span class='ocrx_word' id='word_1_107' title='bbox 53 2299 100 2377; x_wconf 89' lang='lat' dir='ltr'><strong>in</strong></span> <span class='ocrx_word' id='word_1_108' title='bbox 120 2294 560 2376; x_wconf 85' lang='lat' dir='ltr'><strong>Animadversionibus</strong></span> <span class='ocrx_word' id='word_1_109' title='bbox 589 2295 740 2371; x_wconf 84' lang='lat' dir='ltr'><strong>nostris</strong></span> <span class='ocrx_word' id='word_1_110' title='bbox 763 2320 1061 2373; x_wconf 55' lang='lat' dir='ltr'><strong>commemora«</strong></span> 
     </span>
     <span class='ocr_line' id='line_1_21' title="bbox 52 2393 1063 2502; baseline -0.008 -23"><span class='ocrx_word' id='word_1_111' title='bbox 52 2401 133 2487; x_wconf 81' lang='lat' dir='ltr'><strong>tis,</strong></span> <span class='ocrx_word' id='word_1_112' title='bbox 174 2393 470 2502; x_wconf 85' lang='lat' dir='ltr'><strong>profluxerunt.</strong></span> <span class='ocrx_word' id='word_1_113' title='bbox 530 2397 739 2473; x_wconf 89' lang='lat' dir='ltr'><strong>Habebam</strong></span> <span class='ocrx_word' id='word_1_114' title='bbox 777 2397 904 2497; x_wconf 86' lang='lat' dir='ltr'><strong>igitur</strong></span> <span class='ocrx_word' id='word_1_115' title='bbox 947 2393 1063 2495; x_wconf 81' lang='lat' dir='ltr'><strong>quod</strong></span> 
     </span>
     <span class='ocr_line' id='line_1_22' title="bbox 53 2497 1063 2601; baseline -0.005 -23"><span class='ocrx_word' id='word_1_116' title='bbox 53 2499 165 2578; x_wconf 84' lang='lat' dir='ltr'><strong>mihi</strong></span> <span class='ocrx_word' id='word_1_117' title='bbox 191 2499 411 2600; x_wconf 87' lang='lat' dir='ltr'><strong>gratularer</strong></span> <span class='ocrx_word' id='word_1_118' title='bbox 432 2514 600 2601; x_wconf 86' lang='lat' dir='ltr'><strong>propter</strong></span> <span class='ocrx_word' id='word_1_119' title='bbox 623 2497 828 2591; x_wconf 85' lang='lat' dir='ltr'><strong>ejusmodi</strong></span> <span class='ocrx_word' id='word_1_120' title='bbox 850 2497 1063 2591; x_wconf 57' lang='lat' dir='ltr'><strong>adjumeni</strong></span> 
     </span>
    </p>
   </div>
   <div class='ocr_carea' id='block_1_3' title="bbox 54 2597 1063 2774">
    <p class='ocr_par' dir='ltr' id='par_1_3' title="bbox 54 2597 1063 2774">
     <span class='ocr_line' id='line_1_23' title="bbox 54 2597 1063 2774; baseline -0.005 -95"><span class='ocrx_word' id='word_1_121' title='bbox 54 2617 173 2688; x_wconf 89' lang='lat' dir='ltr'><strong>tum,</strong></span> <span class='ocrx_word' id='word_1_122' title='bbox 199 2601 405 2774; x_wconf 65' lang='lat' dir='ltr'><strong>insperato</strong></span> <span class='ocrx_word' id='word_1_123' title='bbox 436 2600 639 2688; x_wconf 88' lang='lat' dir='ltr'><strong>oblatum,</strong></span> <span class='ocrx_word' id='word_1_124' title='bbox 673 2614 713 2675; x_wconf 90' lang='lat' dir='ltr'><strong>et</strong></span> <span class='ocrx_word' id='word_1_125' title='bbox 735 2597 787 2673; x_wconf 89' lang='lat' dir='ltr'><strong>ad</strong></span> <span class='ocrx_word' id='word_1_126' title='bbox 809 2624 910 2687; x_wconf 89' lang='lat' dir='ltr'><strong>rem,</strong></span> <span class='ocrx_word' id='word_1_127' title='bbox 938 2624 1063 2696; x_wconf 88' lang='lat' dir='ltr'><strong>quam</strong></span> 
     </span>
    </p>
   </div>
   <div class='ocr_carea' id='block_1_4' title="bbox 53 2698 1084 3808">
    <p class='ocr_par' dir='ltr' id='par_1_4' title="bbox 53 2698 1084 3808">
     <span class='ocr_line' id='line_1_24' title="bbox 55 2698 1063 2802; baseline -0.004 -24"><span class='ocrx_word' id='word_1_128' title='bbox 55 2703 245 2802; x_wconf 85' lang='lat' dir='ltr'><strong>agebam,</strong></span> <span class='ocrx_word' id='word_1_129' title='bbox 287 2707 392 2801; x_wconf 89' lang='lat' dir='ltr'><strong>onge</strong></span> <span class='ocrx_word' id='word_1_130' title='bbox 413 2701 700 2790; x_wconf 82' lang='lat' dir='ltr'><strong>utilissimum,</strong></span> <span class='ocrx_word' id='word_1_131' title='bbox 744 2698 859 2799; x_wconf 85' lang='lat' dir='ltr'><strong>quod</strong></span> <span class='ocrx_word' id='word_1_132' title='bbox 879 2701 963 2776; x_wconf 87' lang='lat' dir='ltr'><strong>nisi</strong></span> <span class='ocrx_word' id='word_1_133' title='bbox 983 2714 1063 2774; x_wconf 89' lang='lat' dir='ltr'><strong>tar·</strong></span> 
     </span>
     <span class='ocr_line' id='line_1_25' title="bbox 56 2799 1065 2890; baseline -0.006 -7"><span class='ocrx_word' id='word_1_134' title='bbox 56 2804 156 2883; x_wconf 79' lang='lat' dir='ltr'><strong>dius</strong></span> <span class='ocrx_word' id='word_1_135' title='bbox 178 2803 226 2879; x_wconf 90' lang='lat' dir='ltr'><strong>in</strong></span> <span class='ocrx_word' id='word_1_136' title='bbox 253 2824 399 2876; x_wconf 88' lang='lat' dir='ltr'><strong>manus</strong></span> <span class='ocrx_word' id='word_1_137' title='bbox 424 2825 534 2877; x_wconf 88' lang='lat' dir='ltr'><strong>meas</strong></span> <span class='ocrx_word' id='word_1_138' title='bbox 562 2802 759 2890; x_wconf 87' lang='lat' dir='ltr'><strong>venisset,</strong></span> <span class='ocrx_word' id='word_1_139' title='bbox 793 2815 929 2875; x_wconf 88' lang='lat' dir='ltr'><strong>totum</strong></span> <span class='ocrx_word' id='word_1_140' title='bbox 956 2799 1065 2877; x_wconf 83' lang='lat' dir='ltr'><strong>illud</strong></span> 
     </span>
     <span class='ocr_line' id='line_1_26' title="bbox 53 2896 1065 3003; baseline -0.007 -19"><span class='ocrx_word' id='word_1_141' title='bbox 53 2896 349 2995; x_wconf 77' lang='lat' dir='ltr'><strong>Analectorum</strong></span> <span class='ocrx_word' id='word_1_142' title='bbox 378 2898 696 3003; x_wconf 88' lang='lat' dir='ltr'><strong>repetendorum</strong></span> <span class='ocrx_word' id='word_1_143' title='bbox 732 2903 953 2977; x_wconf 88' lang='lat' dir='ltr'><strong>consilium</strong></span> <span class='ocrx_word' id='word_1_144' title='bbox 993 2916 1065 2977; x_wconf 87' lang='lat' dir='ltr'><strong>aut</strong></span> 
     </span>
     <span class='ocr_line' id='line_1_27' title="bbox 55 3002 1064 3104; baseline -0.003 -23"><span class='ocrx_word' id='word_1_145' title='bbox 55 3005 284 3094; x_wconf 80' lang='lat' dir='ltr'><strong>evertisset,</strong></span> <span class='ocrx_word' id='word_1_146' title='bbox 312 3017 381 3078; x_wconf 88' lang='lat' dir='ltr'><strong>aut</strong></span> <span class='ocrx_word' id='word_1_147' title='bbox 394 3028 641 3104; x_wconf 86' lang='lat' dir='ltr'><strong>magnopere</strong></span> <span class='ocrx_word' id='word_1_148' title='bbox 656 3003 924 3080; x_wconf 82' lang='lat' dir='ltr'><strong>immutasset.</strong></span> <span class='ocrx_word' id='word_1_149' title='bbox 973 3002 1064 3079; x_wconf 84' lang='lat' dir='ltr'><strong>Alia</strong></span> 
     </span>
     <span class='ocr_line' id='line_1_28' title="bbox 56 3101 1084 3202; baseline -0.006 -17"><span class='ocrx_word' id='word_1_150' title='bbox 56 3106 237 3185; x_wconf 85' lang='lat' dir='ltr'><strong>minoris</strong></span> <span class='ocrx_word' id='word_1_151' title='bbox 263 3105 465 3181; x_wconf 88' lang='lat' dir='ltr'><strong>momenti</strong></span> <span class='ocrx_word' id='word_1_152' title='bbox 493 3101 694 3193; x_wconf 89' lang='lat' dir='ltr'><strong>subsidia,</strong></span> <span class='ocrx_word' id='word_1_153' title='bbox 732 3128 835 3202; x_wconf 89' lang='lat' dir='ltr'><strong>qnae</strong></span> <span class='ocrx_word' id='word_1_154' title='bbox 863 3118 1001 3179; x_wconf 87' lang='lat' dir='ltr'><strong>tamen</strong></span> <span class='ocrx_word' id='word_1_155' title='bbox 1024 3113 1084 3179; x_wconf 80' lang='lat' dir='ltr'><strong>et&#39;</strong></span> 
     </span>
     <span class='ocr_line' id='line_1_29' title="bbox 55 3204 1063 3307; baseline -0.009 -19"><span class='ocrx_word' id='word_1_156' title='bbox 55 3211 74 3288; x_wconf 87' lang='lat' dir='ltr'><strong>i</strong></span> <span class='ocrx_word' id='word_1_157' title='bbox 104 3234 151 3284; x_wconf 90' lang='lat' dir='ltr'><strong>sa</strong></span> <span class='ocrx_word' id='word_1_158' title='bbox 173 3219 361 3305; x_wconf 89' lang='lat' dir='ltr'><strong>suscepto</strong></span> <span class='ocrx_word' id='word_1_159' title='bbox 385 3207 500 3307; x_wconf 86' lang='lat' dir='ltr'><strong>operi</strong></span> <span class='ocrx_word' id='word_1_160' title='bbox 520 3205 661 3280; x_wconf 90' lang='lat' dir='ltr'><strong>multis</strong></span> <span class='ocrx_word' id='word_1_161' title='bbox 687 3230 735 3280; x_wconf 85' lang='lat' dir='ltr'><strong>ex</strong></span> <span class='ocrx_word' id='word_1_162' title='bbox 762 3204 945 3306; x_wconf 87' lang='lat' dir='ltr'><strong>partibus</strong></span> <span class='ocrx_word' id='word_1_163' title='bbox 966 3228 1063 3304; x_wconf 89' lang='lat' dir='ltr'><strong>pro·</strong></span> 
     </span>
     <span class='ocr_line' id='line_1_30' title="bbox 65 3305 1038 3403; baseline -0.006 -17"><span class='ocrx_word' id='word_1_164' title='bbox 65 3321 254 3403; x_wconf 85' lang='lat' dir='ltr'><strong>uerunt,</strong></span> <span class='ocrx_word' id='word_1_165' title='bbox 280 3305 360 3381; x_wconf 88' lang='lat' dir='ltr'><strong>hoc</strong></span> <span class='ocrx_word' id='word_1_166' title='bbox 384 3307 477 3383; x_wconf 91' lang='lat' dir='ltr'><strong>loco</strong></span> <span class='ocrx_word' id='word_1_167' title='bbox 498 3330 735 3382; x_wconf 88' lang='lat' dir='ltr'><strong>enumerare</strong></span> <span class='ocrx_word' id='word_1_168' title='bbox 763 3305 869 3380; x_wconf 85' lang='lat' dir='ltr'><strong>nihil</strong></span> <span class='ocrx_word' id='word_1_169' title='bbox 885 3305 1038 3380; x_wconf 86' lang='lat' dir='ltr'><strong>attinet.</strong></span> 
     </span>
     <span class='ocr_line' id='line_1_31' title="bbox 160 3406 1065 3506; baseline -0.003 -21"><span class='ocrx_word' id='word_1_170' title='bbox 160 3414 315 3485; x_wconf 85' lang='lat' dir='ltr'><strong>Verum</strong></span> <span class='ocrx_word' id='word_1_171' title='bbox 341 3410 407 3484; x_wconf 85' lang='lat' dir='ltr'><strong>vel</strong></span> <span class='ocrx_word' id='word_1_172' title='bbox 433 3409 491 3485; x_wconf 89' lang='lat' dir='ltr'><strong>sic</strong></span> <span class='ocrx_word' id='word_1_173' title='bbox 521 3430 584 3485; x_wconf 82' lang='lat' dir='ltr'><strong>res</strong></span> <span class='ocrx_word' id='word_1_174' title='bbox 606 3406 876 3506; x_wconf 85' lang='lat' dir='ltr'><strong>Anthologiae</strong></span> <span class='ocrx_word' id='word_1_175' title='bbox 901 3430 1065 3506; x_wconf 87' lang='lat' dir='ltr'><strong>graecae</strong></span> 
     </span>
     <span class='ocr_line' id='line_1_32' title="bbox 60 3501 1066 3608; baseline -0.005 -21"><span class='ocrx_word' id='word_1_176' title='bbox 60 3509 254 3587; x_wconf 88' lang='lat' dir='ltr'><strong>inchoata</strong></span> <span class='ocrx_word' id='word_1_177' title='bbox 275 3509 402 3608; x_wconf 87' lang='lat' dir='ltr'><strong>magis</strong></span> <span class='ocrx_word' id='word_1_178' title='bbox 432 3534 556 3606; x_wconf 90' lang='lat' dir='ltr'><strong>quam</strong></span> <span class='ocrx_word' id='word_1_179' title='bbox 583 3506 761 3608; x_wconf 86' lang='lat' dir='ltr'><strong>perfecta</strong></span> <span class='ocrx_word' id='word_1_180' title='bbox 790 3521 830 3580; x_wconf 88' lang='lat' dir='ltr'><strong>et</strong></span> <span class='ocrx_word' id='word_1_181' title='bbox 851 3501 1066 3606; x_wconf 86' lang='lat' dir='ltr'><strong>profligata</strong></span> 
     </span>
     <span class='ocr_line' id='line_1_33' title="bbox 60 3605 1065 3706; baseline -0.006 -17"><span class='ocrx_word' id='word_1_182' title='bbox 60 3612 198 3689; x_wconf 87' lang='lat' dir='ltr'><strong>videri</strong></span> <span class='ocrx_word' id='word_1_183' title='bbox 221 3609 401 3686; x_wconf 89' lang='lat' dir='ltr'><strong>debebat.</strong></span> <span class='ocrx_word' id='word_1_184' title='bbox 451 3609 751 3706; x_wconf 79' lang='lat' dir='ltr'><strong>Requirebatur</strong></span> <span class='ocrx_word' id='word_1_185' title='bbox 772 3605 921 3696; x_wconf 85' lang='lat' dir='ltr'><strong>editio,</strong></span> <span class='ocrx_word' id='word_1_186' title='bbox 961 3632 1065 3704; x_wconf 89' lang='lat' dir='ltr'><strong>quae</strong></span> 
     </span>
     <span class='ocr_line' id='line_1_34' title="bbox 61 3707 1063 3808; baseline -0.008 -18"><span class='ocrx_word' id='word_1_187' title='bbox 61 3736 235 3790; x_wconf 91' lang='lat' dir='ltr'><strong>omnem</strong></span> <span class='ocrx_word' id='word_1_188' title='bbox 258 3711 520 3788; x_wconf 88' lang='lat' dir='ltr'><strong>Constantini</strong></span> <span class='ocrx_word' id='word_1_189' title='bbox 537 3710 737 3808; x_wconf 88' lang='lat' dir='ltr'><strong>Cephalae</strong></span> <span class='ocrx_word' id='word_1_190' title='bbox 760 3707 1063 3808; x_wconf 87' lang='lat' dir='ltr'><strong>Anthologiam,</strong></span> 
     </span>
    </p>
   </div>
   <div class='ocr_carea' id='block_1_5' title="bbox 65 3811 1066 3916">
    <p class='ocr_par' dir='ltr' id='par_1_5' title="bbox 65 3811 1066 3916">
     <span class='ocr_line' id='line_1_35' title="bbox 65 3811 1066 3916; baseline -0.004 -24"><span class='ocrx_word' id='word_1_191' title='bbox 65 3815 195 3916; x_wconf 87' lang='lat' dir='ltr'><strong>qualis</strong></span> <span class='ocrx_word' id='word_1_192' title='bbox 211 3811 319 3888; x_wconf 90' lang='lat' dir='ltr'><strong>libro</strong></span> <span class='ocrx_word' id='word_1_193' title='bbox 333 3812 525 3890; x_wconf 88' lang='lat' dir='ltr'><strong>Vaticano</strong></span> <span class='ocrx_word' id='word_1_194' title='bbox 544 3811 789 3902; x_wconf 88' lang='lat' dir='ltr'><strong>continetur,</strong></span> <span class='ocrx_word' id='word_1_195' title='bbox 818 3835 913 3886; x_wconf 88' lang='lat' dir='ltr'><strong>cum</strong></span> <span class='ocrx_word' id='word_1_196' title='bbox 931 3812 1066 3888; x_wconf 86' lang='lat' dir='ltr'><strong>omni-</strong></span> 
     </span>
    </p>
   </div>
   <div class='ocr_carea' id='block_1_6' title="bbox 95 4043 510 4136">
    <p class='ocr_par' dir='ltr' id='par_1_6' title="bbox 95 4043 510 4136">
     <span class='ocr_line' id='line_1_36' title="bbox 95 4043 510 4136; baseline 0.002 -17"><span class='ocrx_word' id='word_1_197' title='bbox 95 4064 218 4135; x_wconf 58' lang='lat' dir='ltr'><strong>pavr</strong></span> <span class='ocrx_word' id='word_1_198' title='bbox 235 4043 262 4136; x_wconf 67' lang='lat' dir='ltr'><strong>p.</strong></span> <span class='ocrx_word' id='word_1_199' title='bbox 274 4055 392 4121; x_wconf 71' lang='grc'><strong>1111..1</strong></span> <span class='ocrx_word' id='word_1_200' title='bbox 432 4098 433 4102; x_wconf 16' lang='lat' dir='ltr'><strong>a</strong></span> <span class='ocrx_word' id='word_1_201' title='bbox 507 4048 510 4052; x_wconf 83' lang='grc'><strong><em>’</em></strong></span> 
     </span>
    </p>
   </div>
   <div class='ocr_carea' id='block_1_7' title="bbox 0 0 1264 4666">
    <p class='ocr_par' dir='ltr' id='par_1_7' title="bbox 0 0 1264 4666">
     <span class='ocr_line' id='line_1_37' title="bbox 0 0 1264 4666; baseline 0 0"><span class='ocrx_word' id='word_1_202' title='bbox 0 0 1264 4666; x_wconf 95' lang='lat' dir='ltr'><strong> </strong></span> 
     </span>
    </p>
   </div>
  </div>
 </body>
</html>
