2506 4666
940 328 1057 382 xxvn

51 512 218 574 veram,
265 484 536 585 Anthologlae
569 485 831 563 Constantini
856 483 1058 587 cephalae

57 590 110 664 ad
140 589 266 680 hujus
297 589 519 689 apographi
549 583 673 661 fidem
702 586 884 661 edendae
918 585 1057 662 denuo

55 689 230 788 suscepi.
264 693 371 763 Haec
388 712 551 785 quoque
568 688 694 762 editio
709 689 873 789 Lipsiae
886 686 1055 789 prodiit,

54 807 95 866 et
140 788 251 889 apud
287 789 466 865 eundem
499 814 581 885 quo
613 791 729 892 prior
768 789 1054 878 redemtorem,

54 894 197 968 virum
240 889 601 980 honestissimum,
665 890 828 966 duobus
876 890 1057 967 volumi·

53 992 182 1068 nibus
219 991 512 1091 comprehensa
526 995 587 1090 *),
641 1015 745 1087 quae
776 990 935 1093 praeter
973 1005 1058 1065 tex·

53 1110 148 1169 tum
168 1090 536 1181 membranarum,
555 1093 602 1166 in
621 1097 692 1168 XV
711 1093 838 1168 libros
864 1092 1058 1168 distribu-

53 1210 160 1282 tum,
191 1194 471 1294 supplementa
485 1193 606 1268 habet
621 1193 1058 1294 epigrammatumFlo·

52 1295 192 1395 rilegii
206 1293 424 1382 Planudei,
453 1319 555 1391 quae
576 1295 623 1368 in
637 1295 832 1372 Vaticano
855 1295 962 1369 libro
988 1292 1058 1368 de·

60 1395 309 1483 siderentur,
358 1394 627 1495 appendicem
658 1409 864 1497 praetcrea
896 1419 1056 1483 eorum,

58 1497 229 1593 quaein
257 1497 346 1571 aliis
368 1495 485 1571 libris
509 1495 629 1570 editis
651 1511 691 1572 et
713 1497 760 1572 in
781 1495 1057 1571 marmoribus

55 1599 260 1699 leguntur.
312 1595 378 1674 Ad
407 1595 490 1671 duo
519 1597 619 1672 haec
648 1596 864 1674 volumina
893 1597 1060 1671 accessit

56 1699 245 1786 tertium,
273 1697 389 1794 quod
413 1722 581 1775 omnem
605 1698 656 1774 ad
678 1700 968 1799 epigrammata
989 1721 1060 1798 ap·

56 1815 244 1901 paratum
262 1799 470 1887 criticum,
504 1814 588 1874 tam
605 1824 653 1874 ex
667 1798 900 1891 codicibus,
935 1820 1060 1896 quam

59 1927 106 1975 cx
127 1901 337 1976 veteribus
368 1901 641 1998 grammaticis
668 1899 969 1998 doctorumque
997 1898 1060 1972 vi·

59 2027 204 2076 rorum
238 2001 431 2100 operibus
458 2000 708 2091 derivatum,
756 2001 1087 2101 complectiturr

63 2127 155 2176 nam
180 2102 280 2175 haec
305 2102 446 2175 omnia
463 2117 560 2202 post
575 2101 960 2178 Animadversiones
983 2125 1061 2174 no·
1115 2138 1118 2144 ·

64 2217 159 2278 stras
180 2202 308 2278 editas
323 2201 435 2276 haud
452 2204 647 2301 exiguum
668 2204 971 2277 incrementum
997 2225 1061 2274 ce-

60 2319 223 2404 perant;
270 2303 418 2399 hisque
444 2301 621 2394 adjectus
659 2315 733 2377 est·
749 2303 911 2378 libellus
937 2303 1062 2402 longe

62 2402 432 2504 praestantissimus
455 2405 703 2493 lectionum,
737 2426 786 2479 ex
804 2404 906 2504 ipsis
930 2427 1061 2479 mem·

62 2506 219 2593 branis,
247 2530 373 2602 quae,
402 2503 504 2579 dum
517 2503 627 2580 nova
641 2519 781 2580 nostra
804 2504 931 2580 editio
951 2503 1060 2605 typis

63 2606 382 2693 exscribebatur,
406 2605 515 2680 bello
542 2603 715 2682 feliciter
739 2601 978 2707 profligato,
1013 2628 1063 2678 ex

62 2708 314 2783 Bibliotheca
351 2706 553 2783 Vaticana
580 2707 890 2806 Heidelbergam
929 2703 1062 2780 redie-

62 2824 173 2896 rant,
217 2834 292 2908 per
316 2807 593 2884 Antonium
618 2809 854 2889 Iacobum
886 2804 1078 2881 Paula-¹

64 2910 284 2997 senium,
311 2914 504 3001 juvenem
521 2906 860 2996 eruditissimum,
884 2904 1063 2981 incredi-

63 3010 136 3085 bili
159 3007 247 3085 fere
269 3009 479 3110 diligentia
503 3024 721 3087 erutarum.
774 3014 865 3111 Qua
890 3011 1062 3101 conjun·
1099 3074 1104 3083 .

66 3125 122 3186 cta
156 3136 282 3211 opera
313 3109 689 3210 supplementisque
724 3109 954 3185 utilissimis
980 3112 1063 3199 jam

64 3213 455 3311 voluntatieorum,
484 3211 556 3307 qui
581 3211 627 3284 in
646 3210 1063 3286 Animadversionum

64 3316 298 3389 nostrarum
313 3311 598 3401 voluminibus
613 3309 906 3388 accuratiorem
920 3309 1064 3384 lectio-

95 3589 247 3660 nmaua
258 3587 345 3658 apaan
355 3587 403 3640 aa
415 3591 470 3643 aaa
491 3582 653 3658 Anthologta
665 3605 761 3659 meaa
777 3588 811 3644 aa
822 3586 902 3642 fitam
915 3562 982 3645 con
997 3587 1064 3642 anm

145 3657 352 3741 Palatini-nuno
371 3656 484 3737 Parisini
501 3675 533 3710 er
554 3659 576 3711 A
594 3659 712 3739 ographq
726 3659 848 3710 Gothsno
868 3657 946 3710 edita.
976 3657 1063 3740 flure-

147 3726 576 3858 tlat’tttttlt.¹¹a⁰tt
594 3726 1064 3859 taltlt‘ssttlttl‘tlttt

147 3861 224 3916 1814.
242 3863 321 3914 Tem.
336 3861 384 3915 ΙΙΙ.
396 3862 436 3912 lb.
448 3861 524 3915 1812.
541 3862 566 3915 8.
600 3862 693 3914 Insunt
704 3860 732 3912 in
745 3861 822 3915 tertio
836 3861 974 3914 Volumina
991 3861 1064 3914 hand
1152 3893 1155 3900 ·

147 3946 249 4001 paucae
266 3929 320 3982 viri
334 3927 551 3995 illustrisGodol.
566 3930 649 3982 llenr.
663 3930 815 3994 Schaeleri,
836 3928 882 3996 qui
895 3929 1064 3998 plagulamm

148 3997 367 4066 corrigendamm
383 3997 520 4065 negotium
536 3997 588 4050 sibi
599 3997 699 4067 imponi
712 4014 804 4068 passus
815 3997 918 4061 lucrat,
939 3999 1065 4052 ohserva-

149 4066 235 4121 tiones
249 4065 392 4134 exquisita,
407 4075 438 4120 nt
453 4065 542 4122 omnin
554 4065 634 4131 huius
646 4065 712 4131 viri,
732 4064 880 4121 eruditione
892 4066 1013 4119 ratane.
1063 4141 1065 4146 Ι
1097 4124 1099 4131 ‚
